@STRING{classical-and-quantum-gravity="Class.~Quantum~Grav." }
@STRING{physical-review-d="Phys.~Rev.~D" }
@STRING{physical-review-letters="Phys.~Rev.~Lett." }
@STRING{astrophysical-journal="Astrophys.~J." }
@STRING{astrophysical-journal-letters="Astrophys.~J.~Lett." }

% Lines to be added for a complete record:
%  volume =	 "XX",
%  pages =	 "XXXX",
%  archivePrefix ="arXiv",
%  primaryClass = "gr-qc",
%  eprint =	 "XXXX.XXXX",

@article{InstrumentNoisePaper,
  title = {Search for gravitational waves from galactic and extra-galactic binary neutron stars},
  author = {Abbott, B. and Abbott, R. and Adhikari, R. and Ageev, A. and Allen, B. and Amin, R. and Anderson, S. B. and Anderson, W. G. and Araya, M. and Armandula, H. and Ashley, M. and Asiri, F. and Aufmuth, P. and Aulbert, C. and Babak, S. and Balasubramanian, R. and Ballmer, S. and Barish, B. C. and Barker, C. and Barker, D. and Barnes, M. and Barr, B. and Barton, M. A. and Bayer, K. and Beausoleil, R. and Belczynski, K. and Bennett, R. and Berukoff, S. J. and Betzwieser, J. and Bhawal, B. and Bilenko, I. A. and Billingsley, G. and Black, E. and Blackburn, K. and Blackburn, L. and Bland, B. and Bochner, B. and Bogue, L. and Bork, R. and Bose, S. and Brady, P. R. and Braginsky, V. B. and Brau, J. E. and Brown, D. A. and Bullington, A. and Bunkowski, A. and Buonanno, A. and Burgess, R. and Busby, D. and Butler, W. E. and Byer, R. L. and Cadonati, L. and Cagnoli, G. and Camp, J. B. and Cantley, C. A. and Cardenas, L. and Carter, K. and Casey, M. M. and Castiglione, J. and Chandler, A. and Chapsky, J. and Charlton, P. and Chatterji, S. and Chelkowski, S. and Chen, Y. and Chickarmane, V. and Chin, D. and Christensen, N. and Churches, D. and Cokelaer, T. and Colacino, C. and Coldwell, R. and Coles, M. and Cook, D. and Corbitt, T. and Coyne, D. and Creighton, J. D. E. and Creighton, T. D. and Crooks, D. R. M. and Csatorday, P. and Cusack, B. J. and Cutler, C. and D'Ambrosio, E. and Danzmann, K. and Daw, E. and DeBra, D. and Delker, T. and Dergachev, V. and DeSalvo, R. and Dhurandhar, S. and Credico, A. Di and D\'{\i}az, M. and Ding, H. and Drever, R. W. P. and Dupuis, R. J. and Edlund, J. A. and Ehrens, P. and Elliffe, E. J. and Etzel, T. and Evans, M. and Evans, T. and Fairhurst, S. and Fallnich, C. and Farnham, D. and Fejer, M. M. and Findley, T. and Fine, M. and Finn, L. S. and Franzen, K. Y. and Freise, A. and Frey, R. and Fritschel, P. and Frolov, V. V. and Fyffe, M. and Ganezer, K. S. and Garofoli, J. and Giaime, J. A. and Gillespie, A. and Goda, K. and Gonz\'alez, G. and Go\ss{}ler, S. and Grandcl\'ement, P. and Grant, A. and Gray, C. and Gretarsson, A. M. and Grimmett, D. and Grote, H. and Grunewald, S. and Guenther, M. and Gustafson, E. and Gustafson, R. and Hamilton, W. O. and Hammond, M. and Hanson, J. and Hardham, C. and Harms, J. and Harry, G. and Hartunian, A. and Heefner, J. and Hefetz, Y. and Heinzel, G. and Heng, I. S. and Hennessy, M. and Hepler, N. and Heptonstall, A. and Heurs, M. and Hewitson, M. and Hild, S. and Hindman, N. and Hoang, P. and Hough, J. and Hrynevych, M. and Hua, W. and Ito, M. and Itoh, Y. and Ivanov, A. and Jennrich, O. and Johnson, B. and Johnson, W. W. and Johnston, W. R. and Jones, D. I. and Jones, L. and Jungwirth, D. and Kalogera, V. and Katsavounidis, E. and Kawabe, K. and Kawamura, S. and Kells, W. and Kern, J. and Khan, A. and Killbourn, S. and Killow, C. J. and Kim, C. and King, C. and King, P. and Klimenko, S. and Koranda, S. and K\"otter, K. and Kovalik, J. and Kozak, D. and Krishnan, B. and Landry, M. and Langdale, J. and Lantz, B. and Lawrence, R. and Lazzarini, A. and Lei, M. and Leonor, I. and Libbrecht, K. and Libson, A. and Lindquist, P. and Liu, S. and Logan, J. and Lormand, M. and Lubinski, M. and L\"uck, H. and Lyons, T. T. and Machenschalk, B. and MacInnis, M. and Mageswaran, M. and Mailand, K. and Majid, W. and Malec, M. and Mann, F. and Marin, A. and M\'arka, S. and Maros, E. and Mason, J. and Mason, K. and Matherny, O. and Matone, L. and Mavalvala, N. and McCarthy, R. and McClelland, D. E. and McHugh, M. and McNabb, J. W. C. and Mendell, G. and Mercer, R. A. and Meshkov, S. and Messaritaki, E. and Messenger, C. and Mitrofanov, V. P. and Mitselmakher, G. and Mittleman, R. and Miyakawa, O. and Miyoki, S. and Mohanty, S. and Moreno, G. and Mossavi, K. and Mueller, G. and Mukherjee, S. and Murray, P. and Myers, J. and Nagano, S. and Nash, T. and Nayak, R. and Newton, G. and Nocera, F. and Noel, J. S. and Nutzman, P. and Olson, T. and O'Reilly, B. and Ottaway, D. J. and Ottewill, A. and Ouimette, D. and Overmier, H. and Owen, B. J. and Pan, Y. and Papa, M. A. and Parameshwaraiah, V. and Parameswaran, A. and Parameswariah, C. and Pedraza, M. and Penn, S. and Pitkin, M. and Plissi, M. and Prix, R. and Quetschke, V. and Raab, F. and Radkins, H. and Rahkola, R. and Rakhmanov, M. and Rao, S. R. and Rawlins, K. and Ray-Majumder, S. and Re, V. and Redding, D. and Regehr, M. W. and Regimbau, T. and Reid, S. and Reilly, K. T. and Reithmaier, K. and Reitze, D. H. and Richman, S. and Riesen, R. and Riles, K. and Rivera, B. and Rizzi, A. and Robertson, D. I. and Robertson, N. A. and Robison, L. and Roddy, S. and Rollins, J. and Romano, J. D. and Romie, J. and Rong, H. and Rose, D. and Rotthoff, E. and Rowan, S. and R\"udiger, A. and Russell, P. and Ryan, K. and Salzman, I. and Sandberg, V. and Sanders, G. H. and Sannibale, V. and Sathyaprakash, B. and Saulson, P. R. and Savage, R. and Sazonov, A. and Schilling, R. and Schlaufman, K. and Schmidt, V. and Schnabel, R. and Schofield, R. and Schutz, B. F. and Schwinberg, P. and Scott, S. M. and Seader, S. E. and Searle, A. C. and Sears, B. and Seel, S. and Seifert, F. and Sengupta, A. S. and Shapiro, C. A. and Shawhan, P. and Shoemaker, D. H. and Shu, Q. Z. and Sibley, A. and Siemens, X. and Sievers, L. and Sigg, D. and Sintes, A. M. and Smith, J. R. and Smith, M. and Smith, M. R. and Sneddon, P. H. and Spero, R. and Stapfer, G. and Steussy, D. and Strain, K. A. and Strom, D. and Stuver, A. and Summerscales, T. and Sumner, M. C. and Sutton, P. J. and Sylvestre, J. and Takamori, A. and Tanner, D. B. and Tariq, H. and Taylor, I. and Taylor, R. and Taylor, R. and Thorne, K. A. and Thorne, K. S. and Tibbits, M. and Tilav, S. and Tinto, M. and Tokmakov, K. V. and Torres, C. and Torrie, C. and Traylor, G. and Tyler, W. and Ugolini, D. and Ungarelli, C. and Vallisneri, M. and van Putten, M. and Vass, S. and Vecchio, A. and Veitch, J. and Vorvick, C. and Vyachanin, S. P. and Wallace, L. and Walther, H. and Ward, H. and Ware, B. and Watts, K. and Webber, D. and Weidner, A. and Weiland, U. and Weinstein, A. and Weiss, R. and Welling, H. and Wen, L. and Wen, S. and Whelan, J. T. and Whitcomb, S. E. and Whiting, B. F. and Wiley, S. and Wilkinson, C. and Willems, P. A. and Williams, P. R. and Williams, R. and Willke, B. and Wilson, A. and Winjum, B. J. and Winkler, W. and Wise, S. and Wiseman, A. G. and Woan, G. and Woods, D. and Wooley, R. and Worden, J. and Wu, W. and Yakushin, I. and Yamamoto, H. and Yoshida, S. and Zaleski, K. D. and Zanolin, M. and Zawischa, I. and Zhang, L. and Zhu, R. and Zotov, N. and Zucker, M. and Zweizig, J.},
  collaboration = {LIGO Scientific Collaboration},
  journal = {Phys. Rev. D},
  volume = {72},
  issue = {8},
  pages = {082001},
  numpages = {22},
  year = {2005},
  month = {Oct},
  publisher = {American Physical Society},
  doi = {10.1103/PhysRevD.72.082001},
  url = {https://link.aps.org/doi/10.1103/PhysRevD.72.082001}
}



@Article{GW150914-DETECTION,
  author =	 {Abbott, B. P. and others},
  title =	 {Observation of Gravitational Waves from a Binary
                  Black Hole Merger},
  collaboration  = "LIGO Scientific Collaboration, Virgo Collaboration",
  journal =	 physical-review-letters,
  volume =	 116,
  pages =	 061102,
  year =	 2016,
  archivePrefix ="arXiv",
  primaryClass = "gr-qc",
  eprint =	 "1602.03847",
}

%   journal =	 physical-review-d,

@Article{GW150914-BURST,
      author         = "Abbott, B. P. and others",
      title          = "{Observing gravitational-wave transient GW150914 with
                        minimal assumptions}",
      collaboration  = "LIGO Scientific Collaboration, Virgo Collaboration",
      year           = "2016",
      eprint         = "1602.03843",
      archivePrefix  = "arXiv",
      primaryClass   = "gr-qc",
      note =         {arXiv:1602.03843}, 
}



%   journal =	 physical-review-d,

@Article{GW150914-CBC,
      author         = "Abbott, B. P. and others",
      title          = "{GW150914: First results from the search for binary black
                        hole coalescence with Advanced LIGO}",
      collaboration  = "LIGO Scientific Collaboration, Virgo Collaboration",
      year           = "2016",
      eprint         = "1602.03839",
      archivePrefix  = "arXiv",
      primaryClass   = "gr-qc",
      reportNumber   = "LIGO-P1500269",
      SLACcitation   = "%%CITATION = ARXIV:1602.03839;%%",
      note =         {arXiv:1602.03839},
}

%  journal =	 physical-review-letters,

@Article{GW150914-PARAMESTIM,
      author         = "Abbott, B. P. and others",
      title          = "{Properties of the binary black hole merger GW150914}",
      collaboration  = "LIGO Scientific Collaboration, Virgo Collaboration",
      year           = "2016",
      eprint         = "1602.03840",
      archivePrefix  = "arXiv",
      primaryClass   = "gr-qc",
      reportNumber   = "LIGO-P1500218",
      SLACcitation   = "%%CITATION = ARXIV:1602.03840;%%",
      note =         {arXiv:1602.03840},
}

%   journal =	 astrophysical-journal-letters,

@Article{GW150914-RATES,
      author         = "Abbott, B. P. and others",
      title          = "{The Rate of Binary Black Hole Mergers Inferred from
                        Advanced LIGO Observations Surrounding GW150914}",
      collaboration  = "LIGO Scientific Collaboration, Virgo Collaboration",
      year           = "2016",
      eprint         = "1602.03842",
      archivePrefix  = "arXiv",
      primaryClass   = "astro-ph.HE",
      reportNumber   = "LIGO-P1500217",
      SLACcitation   = "%%CITATION = ARXIV:1602.03842;%%",
      note =         {arXiv:1602.03842},
}

@Article{GW150914-ASTRO,
      author         = "Abbott, B. P. and others",
      title          = "{Astrophysical Implications of the Binary Black-Hole
                        Merger GW150914}",
      collaboration  = "LIGO Scientific Collaboration, Virgo Collaboration",
      journal        = "Astrophys. J.",
      volume         = "818",
      year           = "2016",
      number         = "2",
      pages          = "L22",
      doi            = "10.3847/2041-8205/818/2/L22",
      eprint         = "1602.03846",
      archivePrefix  = "arXiv",
      primaryClass   = "astro-ph.HE",
      reportNumber   = "LIGO-P1500262",
      SLACcitation   = "%%CITATION = ARXIV:1602.03846;%%",
      note =         {arXiv:1602.03846},
}

%  journal =	 physical-review-letters,

@Article{GW150914-TESTOFGR,
      author         = "Abbott, B. P. and others",
      title          = "{Tests of general relativity with GW150914}",
      collaboration  = "LIGO Scientific Collaboration, Virgo Collaboration",
      year           = "2016",
      eprint         = "1602.03841",
      archivePrefix  = "arXiv",
      primaryClass   = "gr-qc",
      reportNumber   = "LIGO-P1500213",
      SLACcitation   = "%%CITATION = ARXIV:1602.03841;%%",
      note =         {arXiv:1602.03841},
}

%   journal =	 physical-review-letters
@Article{GW150914-STOCHASTIC,
        author = {{The LIGO Scientific Collaboration} and {the Virgo Collaboration}
        },
        title = "{GW150914: Implications for the stochastic gravitational wave background from binary black holes}",
        journal = {ArXiv e-prints},
        archivePrefix = "arXiv",
        eprint = {1602.03847},
        primaryClass = "gr-qc",
        keywords = {General Relativity and Quantum Cosmology, Astrophysics - Cosmology and Nongalactic Astrophysics, Astrophysics - High Energy Astrophysical Phenomena},
        year = 2016,
        month = feb,
        adsurl = {http://adsabs.harvard.edu/abs/2016arXiv160203847T},
        adsnote = {Provided by the SAO/NASA Astrophysics Data System},
        note =         {arXiv:1602.03847},
}

% journal =	 ?,

@Article{GW150914-CALIBRATION,
      author         = "Abbott, B. P. and others",
      title          = "{Calibration of the Advanced LIGO detectors for the
                        discovery of the binary black-hole merger GW150914}",
      collaboration  = "LIGO Scientific Collaboration",
      year           = "2016",
      eprint         = "1602.03845",
      archivePrefix  = "arXiv",
      primaryClass   = "gr-qc",
      SLACcitation   = "%%CITATION = ARXIV:1602.03845;%%",
      note =         {arXiv:1602.03845},
}

% journal =	 classical-and-quantum-gravity,

@Article{GW150914-DETCHAR,
      author         = "Abbott, B. P. and others",
      title          = "{Characterization of transient noise in Advanced LIGO
                        relevant to gravitational wave signal GW150914}",
      collaboration  = "LIGO Scientific Collaboration, Virgo Collaboration",
      year           = "2016",
      eprint         = "1602.03844",
      archivePrefix  = "arXiv",
      primaryClass   = "gr-qc",
      SLACcitation   = "%%CITATION = ARXIV:1602.03844;%%",
      note =         {arXiv:1602.03844},
}

% journal =	 physical-review-letters,

@Article{GW150914-DETECTORS,
      author         = "Abbott, B. P. and others",
      title          = "{GW150914: The Advanced LIGO Detectors in the Era of
                        First Discoveries}",
      collaboration  = "Virgo, LIGO Scientific",
      journal        = "Phys. Rev. Lett.",
      volume         = "116",
      year           = "2016",
      number         = "13",
      pages          = "131103",
      doi            = "10.1103/PhysRevLett.116.131103",
      eprint         = "1602.03838",
      archivePrefix  = "arXiv",
      primaryClass   = "gr-qc",
      reportNumber   = "LIGO-P1500237",
      SLACcitation   = "%%CITATION = ARXIV:1602.03838;%%"
}



%journal =	 astrophysical-journal-letters,

@Article{GW150914-EMFOLLOW,
  author =	 {Abbott, B. and others},
  title =	 {Localization and broadband follow-up of the gravitational-wave transient {GW150914}},
  note =         {arXiv:1602.08492},
  year =	 2016,
  archivePrefix ="arXiv",
  primaryClass = "astro-ph",
  eprint =	 "1602.08492",
  reportNumber = "LIGO-P1500237"
}

%journal =       astrophysical-journal-supplements,
@Article{GW150914-EMFOLLOW-SUPPLEMENT,
  author =       {Abbott, B. and others},
  title =        {Supplement: Localization and broadband follow-up of the gravitational-wave transient {GW150914}},
  note =         {\url{https://dcc.ligo.org/LIGO-P1600137/public/main}},
  year =         2016,
  archivePrefix ="arXiv",
  primaryClass = "astro-ph",
  eprint =	 "1604.07864",
  reportNumber = "LIGO-P1600137"
}

%journal =	 physical-review-d,

@Article{GW150914-HEN,
      author         = "Adrian-Martinez, S. and others",
      title          = "{High-energy Neutrino follow-up search of Gravitational
                        Wave Event GW150914 with ANTARES and IceCube}",
      collaboration  = "LIGO Scientific Collaboration, Virgo Collaboration, IceCube, ANTARES",
      year           = "2016",
      eprint         = "1602.05411",
      archivePrefix  = "arXiv",
      primaryClass   = "astro-ph.HE",
      reportNumber   = "LIGO-P1500271",
      SLACcitation   = "%%CITATION = ARXIV:1602.05411;%%",
      note =         {arXiv:1602.05411},
}

%journal =	 physical-review-d,

@Article{GW150914-ACCURACY,
  author =	 {Abbott, B. and others},
  title =	 {WF Accuracy},
  note =         {\url{https://dcc.ligo.org/P1500259/public/main}},
  year =	 2016,
}


