# PLEASE USE INSPIRES WHEREVER POSSIBLE

#### Put all non-inspires references here (ie. theses, LAL, DCC, ...)
@article{Williams_2018,
	doi = {10.3847/1538-4357/aab847},
	url = {https://doi.org/10.3847%2F1538-4357%2Faab847},
	year = 2018,
	month = {may},
	publisher = {American Astronomical Society},
	volume = {858},
	number = {2},
	pages = {79},
	author = {D. Williams and J. A. Clark and A. R. Williamson and I. S. Heng},
	title = {Constraints on Short, Hard Gamma-Ray Burst Beaming Angles from Gravitational Wave Observations},
	journal = {The Astrophysical Journal}
}

@article{Hayes:2019hso,
      author         = "Hayes, Fergus and Heng, Ik Siong and Veitch, John and
                        Williams, Daniel",
      title          = "{Comparing Short Gamma-Ray Burst Jet Structure Models}",
      year           = "2019",
      eprint         = "1911.04190",
      archivePrefix  = "arXiv",
      primaryClass   = "astro-ph.HE",
      SLACcitation   = "%%CITATION = ARXIV:1911.04190;%%"
}

@article{Siegel:2019mlp,
      author         = "Siegel, Daniel M.",
      title          = "{GW170817--the first observed neutron star merger and its
                        kilonova: implications for the astrophysical site of the
                        r-process}",
      journal        = "Eur. Phys. J.",
      volume         = "A55",
      year           = "2019",
      number         = "11",
      pages          = "203",
      doi            = "10.1140/epja/i2019-12888-9",
      eprint         = "1901.09044",
      archivePrefix  = "arXiv",
      primaryClass   = "astro-ph.HE",
      SLACcitation   = "%%CITATION = ARXIV:1901.09044;%%"
}

@article{Abbott_2017_GRB_JOINT,
	doi = {10.3847/2041-8213/aa920c},
	url = {https://doi.org/10.3847%2F2041-8213%2Faa920c},
	year = 2017,
	month = {oct},
	publisher = {American Astronomical Society},
	volume = {848},
	number = {2},
	pages = {L13},
	author = {B. P. Abbott et al.}, 
	title = {Gravitational Waves and Gamma-Rays from a Binary Neutron Star Merger: {GW}170817 and {GRB} 170817A},
	journal = {The Astrophysical Journal}
}

@article{Wang_2017,
	doi = {10.3847/2041-8213/aa9e08},
	url = {https://doi.org/10.3847%2F2041-8213%2Faa9e08},
	year = 2017,
	month = {dec},
	publisher = {American Astronomical Society},
	volume = {851},
	number = {1},
	pages = {L18},
	author = {Hao Wang and Fu-Wen Zhang and Yuan-Zhu Wang and Zhao-Qiang Shen and Yun-Feng Liang and Xiang Li and Neng-Hui Liao and Zhi-Ping Jin and Qiang Yuan and Yuan-Chuan Zou and Yi-Zhong Fan and Da-Ming Wei},
	title = {The {GW}170817/{GRB} 170817A/{AT} 2017gfo Association: Some Implications for Physics and Astrophysics},
	journal = {The Astrophysical Journal}
}

@book{Creighton:2011zz,
      author         = "Creighton, Jolien D. E. and Anderson, Warren G.",
      title          = "{Gravitational-wave physics and astronomy: An
                        introduction to theory, experiment and data analysis}",
      url            = "http://www.wiley-vch.de/publish/dt/books/ISBN3-527-40886-X",
      journal        = "Weinheim, Germany: Wiley-VCH (2011) 375 p",
      year           = "2011",
      SLACcitation   = "%%CITATION = INSPIRE-944268;%%"
}

@book{misner2017gravitation,
  title={Gravitation},
  author={Misner, Charles W and Thorne, Kip S and Wheeler, John Archibald},
  year={2017},
  publisher={Princeton University Press}
}

@article{dal2015impact,
  title={Impact of precession on aligned-spin searches for neutron-star--black-hole binaries},
  author={Dal Canton, Tito and Lundgren, Andrew P and Nielsen, Alex B},
  journal={Physical Review D},
  volume={91},
  number={6},
  pages={062010},
  year={2015},
  publisher={APS}
}

@article{babak2016validating,
  title={Validating the effective-one-body model of spinning, precessing binary black holes against numerical relativity},
  author={Babak, Stanislav and Taracchini, Andrea and Buonanno, Alessandra},
  journal={arXiv preprint arXiv:1607.05661},
  year={2016}
}

@article{mishra2016ready,
  title={Ready-to-use post-Newtonian gravitational waveforms for binary black holes with nonprecessing spins: An update},
  author={Mishra, Chandra Kant and Kela, Aditya and Arun, KG and Faye, Guillaume},
  journal={Physical Review D},
  volume={93},
  number={8},
  pages={084054},
  year={2016},
  publisher={APS}
}

@misc{nsmassespage,
  title = {Observed Neutron Star Masses},
  howpublished = {\url{https://stellarcollapse.org/nsmasses}},
  note = {Accessed: 2016-04-11}
}
@misc{pulsarcat,
    title = {ATNF Pulsar Catalogue},
    howpublished = {\url{http://www.atnf.csiro.au/people/pulsar/psrcat/}},
  note = {Lists 2536 pulsars as of 2016-05-31}
  }

@misc{gracedb,
  title = "{GraceDB---Gravitational Wave Candidate Event Database}",
  howpublished = {\url{https://gracedb.ligo.org/}},
}

@book{Wainstein,
     author        = {Wainstein, L A and Zubakov, V D },
     title         = {Extraction of Signals from Noise},
     publisher     = {Prentice-Hall},
     address       = {Englewood Cliffs},
     year          = {1962},
     keywords      = {Signal processing},
}

@unpublished{LAL,
  author = {{LIGO Scientific Collaboration}},
  title = {{LSC Algorithm Library}},
  eprint = {https://www.lsc-group.phys.uwm.edu/daswg/projects/lal.html}
}

# This one comes from inspires, but weirdly is missing a key
@phdthesis{nitzthesis,
      author         = "Nitz, Alexander Harvey",
      title          = "{THE EFFECT OF COMPACT OBJECT SPIN ON THE SEARCH FOR
                        GRAVITATIONAL WAVES FROM BINARY NEUTRON STAR AND NEUTRON
                        STAR-BLACK HOLE MERGERS}",
      school         = "Syracuse U.",
      url            = "http://surface.syr.edu/etd/316/",
      SLACcitation   = "%%CITATION = INSPIRE-1409173;%%"
}

# In prep papers to be moved over later

@misc{GW151226,
      title = "{LVC GW151226 PRL.}",
      howpublished = "In prep.",
}

@misc{O1BBH,
      title = "{LVC O1 BBH PRX.}",
      howpublished = "In prep.",
}

@misc{O1EM,
      title = "{LVC O1 EM paper}",
      howpublished = "In prep.",
}

@misc{O1DQ,
      title = "{LVC O1 DQ paper}",
      howpublished = "In prep.",
}

@misc{O1Cal,
      title = "{LVC O1 Calibration paper}",
      howpublished = "In prep.",
}




#### Everything else in inspires format
@article{Lynch:2011aa,
      author         = "Lynch, Ryan S. and Freire, Paulo C. C. and Ransom, Scott
                        M. and Jacoby, Bryan A.",
      title          = "{The Timing of Nine Globular Cluster Pulsars}",
      journal        = "Astrophys. J.",
      volume         = "745",
      year           = "2012",
      pages          = "109",
      doi            = "10.1088/0004-637X/745/2/109",
      eprint         = "1112.2612",
      archivePrefix  = "arXiv",
      primaryClass   = "astro-ph.HE",
      SLACcitation   = "%%CITATION = ARXIV:1112.2612;%%"
}
@article{Hessels:2006ze,
      author         = "Hessels, Jason W. T. and Ransom, Scott M. and Stairs,
                        Ingrid H. and Freire, Paulo Cesar Carvalho and Kaspi,
                        Victoria M. and Camilo, Fernando",
      title          = "{A radio pulsar spinning at 716-hz}",
      journal        = "Science",
      volume         = "311",
      year           = "2006",
      pages          = "1901-1904",
      doi            = "10.1126/science.1123430",
      eprint         = "astro-ph/0601337",
      archivePrefix  = "arXiv",
      primaryClass   = "astro-ph",
      SLACcitation   = "%%CITATION = ASTRO-PH/0601337;%%"
}
@article{Miller:2014aaa,
      author         = "Miller, M. Coleman and Miller, Jon M.",
      title          = "{The Masses and Spins of Neutron Stars and Stellar-Mass
                        Black Holes}",
      journal        = "Phys. Rept.",
      volume         = "548",
      year           = "2014",
      pages          = "1-34",
      doi            = "10.1016/j.physrep.2014.09.003",
      eprint         = "1408.4145",
      archivePrefix  = "arXiv",
      primaryClass   = "astro-ph.HE",
      SLACcitation   = "%%CITATION = ARXIV:1408.4145;%%"
}
@article{Read:2008iy,
      author         = "Read, Jocelyn S. and Lackey, Benjamin D. and Owen,
                        Benjamin J. and Friedman, John L.",
      title          = "{Constraints on a phenomenologically parameterized
                        neutron-star equation of state}",
      journal        = "Phys. Rev.",
      volume         = "D79",
      year           = "2009",
      pages          = "124032",
      doi            = "10.1103/PhysRevD.79.124032",
      eprint         = "0812.2163",
      archivePrefix  = "arXiv",
      primaryClass   = "astro-ph",
      SLACcitation   = "%%CITATION = ARXIV:0812.2163;%%"
}
@article{Rhoades:1974fn,
      author         = "Rhoades, Jr., Clifford E. and Ruffini, Remo",
      title          = "{Maximum mass of a neutron star}",
      journal        = "Phys. Rev. Lett.",
      volume         = "32",
      year           = "1974",
      pages          = "324-327",
      doi            = "10.1103/PhysRevLett.32.324",
      SLACcitation   = "%%CITATION = PRLTA,32,324;%%"
}
@article{Demorest:2010bx,
      author         = "Demorest, Paul and Pennucci, Tim and Ransom, Scott and
                        Roberts, Mallory and Hessels, Jason",
      title          = "{Shapiro Delay Measurement of A Two Solar Mass Neutron
                        Star}",
      journal        = "Nature",
      volume         = "467",
      year           = "2010",
      pages          = "1081-1083",
      doi            = "10.1038/nature09466",
      eprint         = "1010.5788",
      archivePrefix  = "arXiv",
      primaryClass   = "astro-ph.HE",
      SLACcitation   = "%%CITATION = ARXIV:1010.5788;%%"
}
@article{Kalogera:1996ci,
      author         = "Kalogera, Vassiliki and Baym, Gordon",
      title          = "{The maximum mass of a neutron star}",
      journal        = "Astrophys. J.",
      volume         = "470",
      year           = "1996",
      pages          = "L61-L64",
      doi            = "10.1086/310296",
      eprint         = "astro-ph/9608059",
      archivePrefix  = "arXiv",
      primaryClass   = "astro-ph",
      SLACcitation   = "%%CITATION = ASTRO-PH/9608059;%%"
}
@article{Brown:2012qf,
      author         = "Brown, Duncan A. and Harry, Ian and Lundgren, Andrew and
                        Nitz, Alexander H.",
      title          = "{Detecting binary neutron star systems with spin in
                        advanced gravitational-wave detectors}",
      journal        = "Phys. Rev.",
      volume         = "D86",
      year           = "2012",
      pages          = "084017",
      doi            = "10.1103/PhysRevD.86.084017",
      eprint         = "1207.6406",
      archivePrefix  = "arXiv",
      primaryClass   = "gr-qc",
      reportNumber   = "LIGO-DOCUMENT-P1200082",
      SLACcitation   = "%%CITATION = ARXIV:1207.6406;%%"
}
@article{Lattimer:2012nd,
      author         = "Lattimer, James M.",
      title          = "{The nuclear equation of state and neutron star masses}",
      journal        = "Ann. Rev. Nucl. Part. Sci.",
      volume         = "62",
      year           = "2012",
      pages          = "485-515",
      doi            = "10.1146/annurev-nucl-102711-095018",
      eprint         = "1305.3510",
      archivePrefix  = "arXiv",
      primaryClass   = "nucl-th",
      SLACcitation   = "%%CITATION = ARXIV:1305.3510;%%"
}
@article{Manchester:2004bp,
      author         = "Manchester, R N and Hobbs, G B and Teoh, A and Hobbs, M",
      title          = "{The Australia Telescope National Facility pulsar
                        catalogue}",
      journal        = "Astron. J.",
      volume         = "129",
      year           = "2005",
      pages          = "1993",
      doi            = "10.1086/428488",
      eprint         = "astro-ph/0412641",
      archivePrefix  = "arXiv",
      primaryClass   = "astro-ph",
      reportNumber   = "20041224",
      SLACcitation   = "%%CITATION = ASTRO-PH/0412641;%%"
}

@article{Kiziltan:2010ct,
      author         = "Kiziltan, Bulent and Kottas, Athanasios and Thorsett,
                        Stephen E.",
      title          = "{The Neutron Star Mass Distribution}",
      year           = "2010",
      eprint         = "1011.4291",
      archivePrefix  = "arXiv",
      primaryClass   = "astro-ph.GA",
      SLACcitation   = "%%CITATION = ARXIV:1011.4291;%%"
}

@article{Podsiadlowski:2003py,
      author         = "Podsiadlowski, Philipp and Langer, N. and Poelarends, A.
                        J. T. and Rappaport, S. and Heger, A. and Pfahl, E.",
      title          = "{The effects of binary evolution on the dynamics of core
                        collapse and neutron - star kicks}",
      journal        = "Astrophys. J.",
      volume         = "612",
      year           = "2004",
      pages          = "1044-1051",
      doi            = "10.1086/421713",
      eprint         = "astro-ph/0309588",
      archivePrefix  = "arXiv",
      primaryClass   = "astro-ph",
      SLACcitation   = "%%CITATION = ASTRO-PH/0309588;%%"
}

@article{Heuvel:2007zp,
      author         = "Heuvel, E. P. J. van den",
      title          = "{Double Neutron Stars: Evidence For Two Different
                        Neutron-Star Formation Mechanisms}",
      journal        = "AIP Conf. Proc.",
      volume         = "924",
      year           = "2007",
      pages          = "598",
      doi            = "10.1063/1.2774916",
      eprint         = "0704.1215",
      archivePrefix  = "arXiv",
      primaryClass   = "astro-ph",
      SLACcitation   = "%%CITATION = ARXIV:0704.1215;%%"
}

@article{Woosley:2002zz,
      author         = "Woosley, S. E. and Heger, A. and Weaver, T. A.",
      title          = "{The evolution and explosion of massive stars}",
      journal        = "Rev. Mod. Phys.",
      volume         = "74",
      year           = "2002",
      pages          = "1015-1071",
      doi            = "10.1103/RevModPhys.74.1015",
      SLACcitation   = "%%CITATION = RMPHA,74,1015;%%"
}

@article{Kramer:2009zza,
      author         = "Kramer, M. and Wex, N.",
      title          = "{The double pulsar system: A unique laboratory for
                        gravity}",
      journal        = "Class. Quant. Grav.",
      volume         = "26",
      year           = "2009",
      pages          = "073001",
      doi            = "10.1088/0264-9381/26/7/073001",
      SLACcitation   = "%%CITATION = CQGRD,26,073001;%%"
}

@article{Grindlay:2005ym,
      author         = "Grindlay, Jonathan and Zwart, Simon Portegies and
                        McMillan, Stephen",
      title          = "{Short gamma-ray bursts from binary neutron star mergers
                        in globular clusters}",
      journal        = "Nature Phys.",
      volume         = "2",
      year           = "2006",
      pages          = "116",
      doi            = "10.1038/nphys214",
      eprint         = "astro-ph/0512654",
      archivePrefix  = "arXiv",
      primaryClass   = "astro-ph",
      SLACcitation   = "%%CITATION = ASTRO-PH/0512654;%%"
}

@article{Sadowski:2007dz,
      author         = "Sadowski, Aleksander and Belczynski, Krzysztof and Bulik,
                        Tomasz and Ivanova, Natalia and Rasio, Frederic A. and
                        O'Shaughnessy, Richard W.",
      title          = "{The Total Merger Rate of Compact Object Binaries In The
                        Local Universe}",
      journal        = "Astrophys. J.",
      volume         = "676",
      year           = "2008",
      pages          = "1162",
      doi            = "10.1086/528932",
      eprint         = "0710.0878",
      archivePrefix  = "arXiv",
      primaryClass   = "astro-ph",
      SLACcitation   = "%%CITATION = ARXIV:0710.0878;%%"
}

@article{Lee:2009ca,
      author         = "Lee, William H. and Ramirez-Ruiz, Enrico and van de Ven,
                        Glenn",
      title          = "{Short gamma-ray bursts from dynamically-assembled
                        compact binaries in globular clusters: pathways, rates,
                        hydrodynamics and cosmological setting}",
      journal        = "Astrophys. J.",
      volume         = "720",
      year           = "2010",
      pages          = "953-975",
      doi            = "10.1088/0004-637X/720/1/953",
      eprint         = "0909.2884",
      archivePrefix  = "arXiv",
      primaryClass   = "astro-ph.HE",
      SLACcitation   = "%%CITATION = ARXIV:0909.2884;%%"
}

@article{Benacquista:2011kv,
      author         = "Benacquista, Matthew J. and Downing, Jonathan M. B.",
      title          = "{Relativistic Binaries in Globular Clusters}",
      journal        = "Living Rev. Rel.",
      volume         = "16",
      year           = "2013",
      pages          = "4",
      doi            = "10.12942/lrr-2013-4",
      eprint         = "1110.4423",
      archivePrefix  = "arXiv",
      primaryClass   = "astro-ph.SR",
      SLACcitation   = "%%CITATION = ARXIV:1110.4423;%%"
}

@article{Belczynski:2012jc,
      author         = "Belczynski, Krzysztof and Bulik, Tomasz and Mandel, Ilya
                        and Sathyaprakash, B. S. and Zdziarski, Andrzej A. and
                        Mikolajewska, Joanna",
      title          = "{Cyg X-3: a Galactic double black hole or black
                        hole-neutron star progenitor}",
      journal        = "Astrophys. J.",
      volume         = "764",
      year           = "2013",
      pages          = "96",
      doi            = "10.1088/0004-637X/764/1/96",
      eprint         = "1209.2658",
      archivePrefix  = "arXiv",
      primaryClass   = "astro-ph.HE",
      SLACcitation   = "%%CITATION = ARXIV:1209.2658;%%"
}

@article{Farr:2010tu,
      author         = "Farr, Will M. and Sravan, Niharika and Cantrell, Andrew
                        and Kreidberg, Laura and Bailyn, Charles D. and Mandel,
                        Ilya and Kalogera, Vicky",
      title          = "{The Mass Distribution of Stellar-Mass Black Holes}",
      journal        = "Astrophys. J.",
      volume         = "741",
      year           = "2011",
      pages          = "103",
      doi            = "10.1088/0004-637X/741/2/103",
      eprint         = "1011.1459",
      archivePrefix  = "arXiv",
      primaryClass   = "astro-ph.GA",
      SLACcitation   = "%%CITATION = ARXIV:1011.1459;%%"
}

@article{Ozel:2010su,
      author         = "Ozel, Feryal and Psaltis, Dimitrios and Narayan, Ramesh
                        and McClintock, Jeffrey E.",
      title          = "{The Black Hole Mass Distribution in the Galaxy}",
      journal        = "Astrophys. J.",
      volume         = "725",
      year           = "2010",
      pages          = "1918-1927",
      doi            = "10.1088/0004-637X/725/2/1918",
      eprint         = "1006.2834",
      archivePrefix  = "arXiv",
      primaryClass   = "astro-ph.GA",
      SLACcitation   = "%%CITATION = ARXIV:1006.2834;%%"
}

@article{Merloni:2008tj,
      author         = "Merloni, Andrea",
      title          = "{Cosmological evolution of supermassive black holes and
                        AGN: a synthesis model for accretion and feedback}",
      journal        = "Mem. Soc. Ast. It.",
      volume         = "79",
      year           = "2008",
      pages          = "1310",
      eprint         = "0808.0070",
      archivePrefix  = "arXiv",
      primaryClass   = "astro-ph",
      SLACcitation   = "%%CITATION = ARXIV:0808.0070;%%"
}

@article{Belczynski:2011bn,
      author         = "Belczynski, K. and Wiktorowicz, G. and Fryer, C. and
                        Holz, D. and Kalogera, V.",
      title          = "{Missing Black Holes Unveil The Supernova Explosion
                        Mechanism}",
      journal        = "Astrophys. J.",
      volume         = "757",
      year           = "2012",
      pages          = "91",
      doi            = "10.1088/0004-637X/757/1/91",
      eprint         = "1110.1635",
      archivePrefix  = "arXiv",
      primaryClass   = "astro-ph.GA",
      SLACcitation   = "%%CITATION = ARXIV:1110.1635;%%"
}

@article{Fryer:2011cx,
      author         = "Fryer, Chris L. and Belczynski, Krzysztof and
                        Wiktorowicz, Grzegorz and Dominik, Michal and Kalogera,
                        Vicky and Holz, Daniel E.",
      title          = "{Compact Remnant Mass Function: Dependence on the
                        Explosion Mechanism and Metallicity}",
      journal        = "Astrophys. J.",
      volume         = "749",
      year           = "2012",
      pages          = "91",
      doi            = "10.1088/0004-637X/749/1/91",
      eprint         = "1110.1726",
      archivePrefix  = "arXiv",
      primaryClass   = "astro-ph.SR",
      reportNumber   = "LA-UR-11-02622",
      SLACcitation   = "%%CITATION = ARXIV:1110.1726;%%"
}

@article{O'Shaughnessy:2005qc,
      author         = "O'Shaughnessy, Richard W. and Kaplan, J. and Kalogera, V.
                        and Belczynski, K.",
      title          = "{Bounds on expected black hole spins in inspiraling
                        binaries}",
      journal        = "Astrophys. J.",
      volume         = "632",
      year           = "2005",
      pages          = "1035-1041",
      doi            = "10.1086/444346",
      eprint         = "astro-ph/0503219",
      archivePrefix  = "arXiv",
      primaryClass   = "astro-ph",
      SLACcitation   = "%%CITATION = ASTRO-PH/0503219;%%"
}

@article{Belczynski:2009xy,
      author         = "Belczynski, Krzysztof and Bulik, Tomasz and Fryer, Chris
                        L. and Ruiter, Ashley and Vink, Jorick S. and Hurley,
                        Jarrod R.",
      title          = "{On The Maximum Mass of Stellar Black Holes}",
      journal        = "Astrophys. J.",
      volume         = "714",
      year           = "2010",
      pages          = "1217-1226",
      doi            = "10.1088/0004-637X/714/2/1217",
      eprint         = "0904.2784",
      archivePrefix  = "arXiv",
      primaryClass   = "astro-ph.SR",
      reportNumber   = "LA-UR-09-02285",
      SLACcitation   = "%%CITATION = ARXIV:0904.2784;%%"
}

@article{Dominik:2012kk,
      author         = "Dominik, Michal and Belczynski, Krzysztof and Fryer,
                        Christopher and Holz, Daniel and Berti, Emanuele and
                        Bulik, Tomasz and Mandel, Ilya and O'Shaughnessy, Richard",
      title          = "{Double Compact Objects I: The Significance of the Common
                        Envelope on Merger Rates}",
      journal        = "Astrophys. J.",
      volume         = "759",
      year           = "2012",
      pages          = "52",
      doi            = "10.1088/0004-637X/759/1/52",
      eprint         = "1202.4901",
      archivePrefix  = "arXiv",
      primaryClass   = "astro-ph.HE",
      SLACcitation   = "%%CITATION = ARXIV:1202.4901;%%"
}

@article{Belczynski:2014iua,
      author         = "Belczynski, Krzysztof and Buonanno, Alessandra and
                        Cantiello, Matteo and Fryer, Chris L. and Holz, Daniel E.
                        and Mandel, Ilya and Miller, M. Coleman and Walczak,
                        Marek",
      title          = "{The Formation and Gravitational-Wave Detection of
                        Massive Stellar Black-Hole Binaries}",
      journal        = "Astrophys. J.",
      volume         = "789",
      year           = "2014",
      number         = "2",
      pages          = "120",
      doi            = "10.1088/0004-637X/789/2/120",
      eprint         = "1403.0677",
      archivePrefix  = "arXiv",
      primaryClass   = "astro-ph.HE",
      reportNumber   = "LA-UR-NUMBER-'LA-UR-14-21051'",
      SLACcitation   = "%%CITATION = ARXIV:1403.0677;%%"
}

@article{Miller:2009cw,
      author         = "Miller, J. M. and Reynolds, C. S. and Fabian, A. C. and
                        Miniutti, G. and Gallo, L. C.",
      title          = "{Stellar-mass Black Hole Spin Constraints from Disk
                        Reflection and Continuum Modeling}",
      journal        = "Astrophys. J.",
      volume         = "697",
      year           = "2009",
      pages          = "900-912",
      doi            = "10.1088/0004-637X/697/1/900",
      eprint         = "0902.2840",
      archivePrefix  = "arXiv",
      primaryClass   = "astro-ph.HE",
      SLACcitation   = "%%CITATION = ARXIV:0902.2840;%%"
}

@article{Shafee:2005ef,
      author         = "Shafee, Rebecca and McClintock, Jeffrey E. and Narayan,
                        Ramesh and Davis, Shane W. and Li, Li-Xin and Remillard,
                        Ronald A.",
      title          = "{Estimating the spin of stellar-mass black holes via
                        spectral fitting of the x-ray continuum}",
      journal        = "Astrophys. J.",
      volume         = "636",
      year           = "2006",
      pages          = "L113-L116",
      doi            = "10.1086/498938",
      eprint         = "astro-ph/0508302",
      archivePrefix  = "arXiv",
      primaryClass   = "astro-ph",
      SLACcitation   = "%%CITATION = ASTRO-PH/0508302;%%"
}

@article{McClintock:2006xd,
      author         = "McClintock, Jeffrey E. and Shafee, Rebecca and Narayan,
                        Ramesh and Remillard, Ronald A. and Davis, Shane W. and
                        Li, Li-Xin",
      title          = "{The Spin of the Near-Extreme Kerr Black Hole GRS
                        1915+105}",
      journal        = "Astrophys. J.",
      volume         = "652",
      year           = "2006",
      pages          = "518-539",
      doi            = "10.1086/508457",
      eprint         = "astro-ph/0606076",
      archivePrefix  = "arXiv",
      primaryClass   = "astro-ph",
      SLACcitation   = "%%CITATION = ASTRO-PH/0606076;%%"
}

@article{Liu:2008tk,
      author         = "Liu, Jifeng and McClintock, Jeffery and Narayan, Ramesh
                        and Davis, Shane and Orosz, Jerome",
      title          = "{Precise Measurement of the Spin Parameter of the
                        Stellar-Mass Black Hole M33 X-7}",
      journal        = "Astrophys. J.",
      volume         = "679",
      year           = "2008",
      pages          = "L37-L40",
      doi            = "10.1086/588840",
      eprint         = "0803.1834",
      archivePrefix  = "arXiv",
      primaryClass   = "astro-ph",
      SLACcitation   = "%%CITATION = ARXIV:0803.1834;%%"
}

@article{Gou:2009ks,
      author         = "Gou, Lijun and McClintock, Jeffrey E. and Liu, Jifeng and
                        Narayan, Ramesh and Steiner, James F. and Remillard,
                        Ronald A. and Orosz, Jerome A. and Davis, Shane W.",
      title          = "{A Determination of the Spin of the Black Hole Primary in
                        LMC X-1}",
      journal        = "Astrophys. J.",
      volume         = "701",
      year           = "2009",
      pages          = "1076-1090",
      doi            = "10.1088/0004-637X/701/2/1076",
      eprint         = "0901.0920",
      archivePrefix  = "arXiv",
      primaryClass   = "astro-ph.HE",
      SLACcitation   = "%%CITATION = ARXIV:0901.0920;%%"
}

@article{Davis:2006cm,
      author         = "Davis, Shane W. and Done, Chris and Blaes, Omer M.",
      title          = "{Testing accretion disk theory in black hole x-ray
                        binaries}",
      journal        = "Astrophys. J.",
      volume         = "647",
      year           = "2006",
      pages          = "525-538",
      doi            = "10.1086/505386",
      eprint         = "astro-ph/0602245",
      archivePrefix  = "arXiv",
      primaryClass   = "astro-ph",
      SLACcitation   = "%%CITATION = ASTRO-PH/0602245;%%"
}

@article{Li:2004aq,
      author         = "Li, Li-Xin and Zimmerman, Erik R. and Narayan, Ramesh and
                        McClintock, Jeffrey E.",
      title          = "{Multi-temperature blackbody spectrum of a thin accretion
                        disk around a Kerr black hole: Model computations and
                        comparison with observations}",
      journal        = "Astrophys. J. Suppl.",
      volume         = "157",
      year           = "2005",
      pages          = "335-370",
      doi            = "10.1086/428089",
      eprint         = "astro-ph/0411583",
      archivePrefix  = "arXiv",
      primaryClass   = "astro-ph",
      SLACcitation   = "%%CITATION = ASTRO-PH/0411583;%%"
}

@article{McClintock:2011zq,
      author         = "McClintock, Jeffrey E. and Narayan, Ramesh and Davis,
                        Shane W. and Gou, Lijun and Kulkarni, Akshay and Orosz,
                        Jerome A. and Penna, Robert F. and Remillard, Ronald A.
                        and Steiner, James F.",
      title          = "{Measuring the Spins of Accreting Black Holes}",
      booktitle      = "{General relativity and gravitation. Proceedings, 19th
                        International Conference, GR19, Mexico City, Mexico, July
                        4-9, 2010}",
      journal        = "Class. Quant. Grav.",
      volume         = "28",
      year           = "2011",
      pages          = "114009",
      doi            = "10.1088/0264-9381/28/11/114009",
      eprint         = "1101.0811",
      archivePrefix  = "arXiv",
      primaryClass   = "astro-ph.HE",
      SLACcitation   = "%%CITATION = ARXIV:1101.0811;%%"
}

@article{McClintock:2013vwa,
      author         = "McClintock, Jeffrey E. and Narayan, Ramesh and Steiner,
                        James F.",
      title          = "{Black Hole Spin via Continuum Fitting and the Role of
                        Spin in Powering Transient Jets}",
      journal        = "Space Sci. Rev.",
      volume         = "183",
      year           = "2014",
      pages          = "295-322",
      doi            = "10.1007/s11214-013-0003-9",
      eprint         = "1303.1583",
      archivePrefix  = "arXiv",
      primaryClass   = "astro-ph.HE",
      SLACcitation   = "%%CITATION = ARXIV:1303.1583;%%"
}

@article{Steiner:2011vr,
      author         = "Steiner, James F. and McClintock, Jeffrey E.",
      title          = "{Modeling the Jet Kinematics of the Black Hole
                        Microquasar XTE J1550-564: A Constraint on Spin-Orbit
                        Alignment}",
      journal        = "Astrophys. J.",
      volume         = "745",
      year           = "2012",
      pages          = "136",
      doi            = "10.1088/0004-637X/745/2/136",
      eprint         = "1110.6849",
      archivePrefix  = "arXiv",
      primaryClass   = "astro-ph.HE",
      SLACcitation   = "%%CITATION = ARXIV:1110.6849;%%"
}

@article{Fragos:2010tm,
      author         = "Fragos, T. and Tremmel, M. and Rantsiou, E. and
                        Belczynski, K.",
      title          = "{Black Hole Spin-Orbit Misalignment in Galactic X-ray
                        Binaries}",
      journal        = "Astrophys. J.",
      volume         = "719",
      year           = "2010",
      pages          = "L79",
      doi            = "10.1088/2041-8205/719/1/L79",
      eprint         = "1001.1107",
      archivePrefix  = "arXiv",
      primaryClass   = "astro-ph.HE",
      reportNumber   = "LA-UR-09-07381",
      SLACcitation   = "%%CITATION = ARXIV:1001.1107;%%"
}

@article{Privitera:2013xza,
      author         = "Privitera, Stephen and Mohapatra, Satyanarayan R. P. and
                        Ajith, Parameswaran and Cannon, Kipp and Fotopoulos,
                        Nickolas and Frei, Melissa A. and Hanna, Chad and
                        Weinstein, Alan J. and Whelan, John T.",
      title          = "{Improving the sensitivity of a search for coalescing
                        binary black holes with nonprecessing spins in
                        gravitational wave data}",
      journal        = "Phys. Rev.",
      volume         = "D89",
      year           = "2014",
      number         = "2",
      pages          = "024003",
      doi            = "10.1103/PhysRevD.89.024003",
      eprint         = "1310.5633",
      archivePrefix  = "arXiv",
      primaryClass   = "gr-qc",
      reportNumber   = "LIGO-DCC:-P1200132-V3",
      SLACcitation   = "%%CITATION = ARXIV:1310.5633;%%"
}

@article{Adams:2015ulm,
      author         = "Adams, T and Buskulic, D. and Germain, V. and Guidi, G.
                        M. and Marion, F. and Montani, M. and Mours, B. and
                        Piergiovanni, F. and Wang, G.",
      title          = "{Low-latency analysis pipeline for compact binary
                        coalescences in the advanced gravitational wave detector
                        era}",
      year           = "2015",
      eprint         = "1512.02864",
      archivePrefix  = "arXiv",
      primaryClass   = "gr-qc",
      SLACcitation   = "%%CITATION = ARXIV:1512.02864;%%"
}

@article{TheLIGOScientific:2016zmo,
      author         = "Abbott, B. P. and others",
      title          = "{Characterization of transient noise in Advanced LIGO
                        relevant to gravitational wave signal GW150914}",
      collaboration  = "Virgo, LIGO Scientific",
      year           = "2016",
      eprint         = "1602.03844",
      archivePrefix  = "arXiv",
      primaryClass   = "gr-qc",
      SLACcitation   = "%%CITATION = ARXIV:1602.03844;%%"
}

@article{Buonanno:2009zt,
      author         = "Buonanno, Alessandra and Iyer, Bala and Ochsner, Evan and
                        Pan, Yi and Sathyaprakash, B. S.",
      title          = "{Comparison of post-Newtonian templates for compact
                        binary inspiral signals in gravitational-wave detectors}",
      journal        = "Phys. Rev.",
      volume         = "D80",
      year           = "2009",
      pages          = "084043",
      doi            = "10.1103/PhysRevD.80.084043",
      eprint         = "0907.0700",
      archivePrefix  = "arXiv",
      primaryClass   = "gr-qc",
      SLACcitation   = "%%CITATION = ARXIV:0907.0700;%%"
}

@article{Abbott:2016blz,
      author         = "Abbott, B. P. and others",
      title          = "{Observation of Gravitational Waves from a Binary Black
                        Hole Merger}",
      collaboration  = "Virgo, LIGO Scientific",
      journal        = "Phys. Rev. Lett.",
      volume         = "116",
      year           = "2016",
      number         = "6",
      pages          = "061102",
      doi            = "10.1103/PhysRevLett.116.061102",
      eprint         = "1602.03837",
      archivePrefix  = "arXiv",
      primaryClass   = "gr-qc",
      reportNumber   = "LIGO-P150914",
      SLACcitation   = "%%CITATION = ARXIV:1602.03837;%%"
}

@article{TheLIGOScientific:2016wfe,
      author         = "Abbott, B. P. and others",
      title          = "{Properties of the binary black hole merger GW150914}",
      collaboration  = "Virgo, LIGO Scientific",
      year           = "2016",
      eprint         = "1602.03840",
      archivePrefix  = "arXiv",
      primaryClass   = "gr-qc",
      reportNumber   = "LIGO-P1500218",
      SLACcitation   = "%%CITATION = ARXIV:1602.03840;%%"
}

@article{Abbott:2016nhf,
      author         = "Abbott, B. P. and others",
      title          = "{The Rate of Binary Black Hole Mergers Inferred from
                        Advanced LIGO Observations Surrounding GW150914}",
      collaboration  = "Virgo, LIGO Scientific",
      year           = "2016",
      eprint         = "1602.03842",
      archivePrefix  = "arXiv",
      primaryClass   = "astro-ph.HE",
      reportNumber   = "LIGO-P1500217",
      SLACcitation   = "%%CITATION = ARXIV:1602.03842;%%"
}

@article{TheLIGOScientific:2016htt,
      author         = "Abbott, B. P. and others",
      title          = "{Astrophysical Implications of the Binary Black-Hole
                        Merger GW150914}",
      collaboration  = "Virgo, LIGO Scientific",
      journal        = "Astrophys. J.",
      volume         = "818",
      year           = "2016",
      number         = "2",
      pages          = "L22",
      doi            = "10.3847/2041-8205/818/2/L22",
      eprint         = "1602.03846",
      archivePrefix  = "arXiv",
      primaryClass   = "astro-ph.HE",
      reportNumber   = "LIGO-P1500262",
      SLACcitation   = "%%CITATION = ARXIV:1602.03846;%%"
}

@article{TheLIGOScientific:2016src,
      author         = "Abbott, B. P. and others",
      title          = "{Tests of general relativity with GW150914}",
      collaboration  = "Virgo, LIGO Scientific",
      year           = "2016",
      eprint         = "1602.03841",
      archivePrefix  = "arXiv",
      primaryClass   = "gr-qc",
      reportNumber   = "LIGO-P1500213",
      SLACcitation   = "%%CITATION = ARXIV:1602.03841;%%"
}

@article{Abadie:2010cf,
      author         = "Abadie, J. and others",
      title          = "{Predictions for the Rates of Compact Binary Coalescences
                        Observable by Ground-based Gravitational-wave Detectors}",
      collaboration  = "VIRGO, LIGO Scientific",
      journal        = "Class. Quant. Grav.",
      volume         = "27",
      year           = "2010",
      pages          = "173001",
      doi            = "10.1088/0264-9381/27/17/173001",
      eprint         = "1003.2480",
      archivePrefix  = "arXiv",
      primaryClass   = "astro-ph.HE",
      SLACcitation   = "%%CITATION = ARXIV:1003.2480;%%"
}

@article{Pannarale:2014rea,
      author         = "Pannarale, Francesco and Ohme, Frank",
      title          = "{Prospects for joint gravitational-wave and
                        electromagnetic observations of neutron-star--black-hole
                        coalescing binaries}",
      journal        = "Astrophys. J.",
      volume         = "791",
      year           = "2014",
      pages          = "L7",
      doi            = "10.1088/2041-8205/791/1/L7",
      eprint         = "1406.6057",
      archivePrefix  = "arXiv",
      primaryClass   = "gr-qc",
      reportNumber   = "LIGO-P1400096",
      SLACcitation   = "%%CITATION = ARXIV:1406.6057;%%"
}

@article{Virgo:2011aa,
      author         = "Abadie, J. and others",
      title          = "{First Low-Latency LIGO+Virgo Search for Binary Inspirals
                        and their Electromagnetic Counterparts}",
      collaboration  = "VIRGO, LIGO",
      journal        = "Astron. Astrophys.",
      volume         = "541",
      year           = "2012",
      pages          = "A155",
      doi            = "10.1051/0004-6361/201218860",
      eprint         = "1112.6005",
      archivePrefix  = "arXiv",
      primaryClass   = "astro-ph.CO",
      SLACcitation   = "%%CITATION = ARXIV:1112.6005;%%"
}

@article{Beauville:2007kp,
      author         = "Beauville, F. and others",
      title          = "{Detailed comparison of LIGO and Virgo inspiral pipelines
                        in preparation for a joint search}",
      collaboration  = "VIRGO LIGO / Working Group",
      journal        = "Class. Quant. Grav.",
      volume         = "25",
      year           = "2008",
      pages          = "045001",
      doi            = "10.1088/0264-9381/25/4/045001",
      eprint         = "gr-qc/0701027",
      archivePrefix  = "arXiv",
      primaryClass   = "gr-qc",
      SLACcitation   = "%%CITATION = GR-QC/0701027;%%"
}

@article{Messick:2016aqy,
      author         = "Messick, Cody and others",
      title          = "{Analysis Framework for the Prompt Discovery of Compact
                        Binary Mergers in Gravitational-wave Data}",
      year           = "2016",
      eprint         = "1604.04324",
      archivePrefix  = "arXiv",
      primaryClass   = "astro-ph.IM",
      SLACcitation   = "%%CITATION = ARXIV:1604.04324;%%"
}

@article{Cannon:2011vi,
      author         = "Cannon, Kipp and others",
      title          = "{Toward Early-Warning Detection of Gravitational Waves
                        from Compact Binary Coalescence}",
      journal        = "Astrophys. J.",
      volume         = "748",
      year           = "2012",
      pages          = "136",
      doi            = "10.1088/0004-637X/748/2/136",
      eprint         = "1107.2665",
      archivePrefix  = "arXiv",
      primaryClass   = "astro-ph.IM",
      reportNumber   = "LIGO-P0900004, LIGO-P0900004-V34",
      SLACcitation   = "%%CITATION = ARXIV:1107.2665;%%"
}

@article{Cannon:2012zt,
      author         = "Cannon, Kipp and Hanna, Chad and Keppel, Drew",
      title          = "{Method to estimate the significance of coincident
                        gravitational-wave observations from compact binary
                        coalescence}",
      journal        = "Phys. Rev.",
      volume         = "D88",
      year           = "2013",
      number         = "2",
      pages          = "024025",
      doi            = "10.1103/PhysRevD.88.024025",
      eprint         = "1209.0718",
      archivePrefix  = "arXiv",
      primaryClass   = "gr-qc",
      SLACcitation   = "%%CITATION = ARXIV:1209.0718;%%"
}

@article{Harry:2013tca,
      author         = "Harry, Ian W. and Nitz, Alexander H. and Brown, Duncan A.
                        and Lundgren, Andrew P. and Ochsner, Evan and Keppel,
                        Drew",
      title          = "{Investigating the effect of precession on searches for
                        neutron-star-black-hole binaries with Advanced LIGO}",
      journal        = "Phys. Rev.",
      volume         = "D89",
      year           = "2014",
      number         = "2",
      pages          = "024010",
      doi            = "10.1103/PhysRevD.89.024010",
      eprint         = "1307.3562",
      archivePrefix  = "arXiv",
      primaryClass   = "gr-qc",
      reportNumber   = "LIGO-P1300046, NSF-KITP-13-120",
      SLACcitation   = "%%CITATION = ARXIV:1307.3562;%%"
}

@article{Usman:2015kfa,
      author         = "Usman, Samantha A. and others",
      title          = "{An improved pipeline to search for gravitational waves
                        from compact binary coalescence}",
      year           = "2015",
      eprint         = "1508.02357",
      archivePrefix  = "arXiv",
      primaryClass   = "gr-qc",
      reportNumber   = "LIGO-P1500086",
      SLACcitation   = "%%CITATION = ARXIV:1508.02357;%%"
}

@article{Babak:2012zx,
      author         = "Babak, S. and others",
      title          = "{Searching for gravitational waves from binary
                        coalescence}",
      journal        = "Phys. Rev.",
      volume         = "D87",
      year           = "2013",
      number         = "2",
      pages          = "024033",
      doi            = "10.1103/PhysRevD.87.024033",
      eprint         = "1208.3491",
      archivePrefix  = "arXiv",
      primaryClass   = "gr-qc",
      SLACcitation   = "%%CITATION = ARXIV:1208.3491;%%"
}

@article{Capano:2016dsf,
      author         = "Capano, Collin and Harry, Ian and Privitera, Stephen and
                        Buonanno, Alessandra",
      title          = "{Implementing a search for gravitational waves from
                        non-precessing, spinning binary black holes}",
      year           = "2016",
      eprint         = "1602.03509",
      archivePrefix  = "arXiv",
      primaryClass   = "gr-qc",
      SLACcitation   = "%%CITATION = ARXIV:1602.03509;%%"
}

@article{Taracchini:2013rva,
      author         = "Taracchini, Andrea and others",
      title          = "{Effective-one-body model for black-hole binaries with
                        generic mass ratios and spins}",
      journal        = "Phys. Rev.",
      volume         = "D89",
      year           = "2014",
      number         = "6",
      pages          = "061502",
      doi            = "10.1103/PhysRevD.89.061502",
      eprint         = "1311.2544",
      archivePrefix  = "arXiv",
      primaryClass   = "gr-qc",
      SLACcitation   = "%%CITATION = ARXIV:1311.2544;%%"
}

@article{Purrer:2015tud,
      author         = "Pürrer, Michael",
      title          = "{Frequency domain reduced order model of aligned-spin
                        effective-one-body waveforms with generic mass-ratios and
                        spins}",
      journal        = "Phys. Rev.",
      volume         = "D93",
      year           = "2016",
      number         = "6",
      pages          = "064041",
      doi            = "10.1103/PhysRevD.93.064041",
      eprint         = "1512.02248",
      archivePrefix  = "arXiv",
      primaryClass   = "gr-qc",
      SLACcitation   = "%%CITATION = ARXIV:1512.02248;%%"
}

@article{Droz:1999qx,
      author         = "Droz, Serge and Knapp, Daniel J. and Poisson, Eric and
                        Owen, Benjamin J.",
      title          = "{Gravitational waves from inspiraling compact binaries:
                        Validity of the stationary phase approximation to the
                        Fourier transform}",
      journal        = "Phys. Rev.",
      volume         = "D59",
      year           = "1999",
      pages          = "124016",
      doi            = "10.1103/PhysRevD.59.124016",
      eprint         = "gr-qc/9901076",
      archivePrefix  = "arXiv",
      primaryClass   = "gr-qc",
      SLACcitation   = "%%CITATION = GR-QC/9901076;%%"
}

@article{Blanchet:2013haa,
      author         = "Blanchet, Luc",
      title          = "{Gravitational Radiation from Post-Newtonian Sources and
                        Inspiralling Compact Binaries}",
      journal        = "Living Rev. Rel.",
      volume         = "17",
      year           = "2014",
      pages          = "2",
      doi            = "10.12942/lrr-2014-2",
      eprint         = "1310.1528",
      archivePrefix  = "arXiv",
      primaryClass   = "gr-qc",
      SLACcitation   = "%%CITATION = ARXIV:1310.1528;%%"
}

@article{Allen:2004gu,
      author         = "Allen, Bruce",
      title          = "{A chi**2 time-frequency discriminator for gravitational
                        wave detection}",
      journal        = "Phys. Rev.",
      volume         = "D71",
      year           = "2005",
      pages          = "062001",
      doi            = "10.1103/PhysRevD.71.062001",
      eprint         = "gr-qc/0405045",
      archivePrefix  = "arXiv",
      primaryClass   = "gr-qc",
      SLACcitation   = "%%CITATION = GR-QC/0405045;%%"
}

@article{Metzger:2011bv,
      author         = "Metzger, B. D. and Berger, E.",
      title          = "{What is the Most Promising Electromagnetic Counterpart
                        of a Neutron Star Binary Merger?}",
      journal        = "Astrophys. J.",
      volume         = "746",
      year           = "2012",
      pages          = "48",
      doi            = "10.1088/0004-637X/746/1/48",
      eprint         = "1108.6056",
      archivePrefix  = "arXiv",
      primaryClass   = "astro-ph.HE",
      SLACcitation   = "%%CITATION = ARXIV:1108.6056;%%"
}

@article{Eichler:1989ve,
      author         = "Eichler, David and Livio, Mario and Piran, Tsvi and
                        Schramm, David N.",
      title          = "{Nucleosynthesis, Neutrino Bursts and Gamma-Rays from
                        Coalescing Neutron Stars}",
      journal        = "Nature",
      volume         = "340",
      year           = "1989",
      pages          = "126-128",
      doi            = "10.1038/340126a0",
      reportNumber   = "FERMILAB-PUB-89-102-A",
      SLACcitation   = "%%CITATION = NATUA,340,126;%%"
}


@article{Narayan:1992iy,
      author         = "Narayan, Ramesh and Paczynski, Bohdan and Piran, Tsvi",
      title          = "{Gamma-ray bursts as the death throes of massive binary
                        stars}",
      journal        = "Astrophys. J.",
      volume         = "395",
      year           = "1992",
      pages          = "L83-L86",
      doi            = "10.1086/186493",
      eprint         = "astro-ph/9204001",
      archivePrefix  = "arXiv",
      primaryClass   = "astro-ph",
      reportNumber   = "CFA-3396",
      SLACcitation   = "%%CITATION = ASTRO-PH/9204001;%%"
}

@article{Nakar:2007yr,
      author         = "Nakar, Ehud",
      title          = "{Short-Hard Gamma-Ray Bursts}",
      journal        = "Phys. Rept.",
      volume         = "442",
      year           = "2007",
      pages          = "166-236",
      doi            = "10.1016/j.physrep.2007.02.005",
      eprint         = "astro-ph/0701748",
      archivePrefix  = "arXiv",
      primaryClass   = "ASTRO-PH",
      SLACcitation   = "%%CITATION = ASTRO-PH/0701748;%%"
}

@article{Berger:2013jza,
      author         = "Berger, Edo",
      title          = "{Short-Duration Gamma-Ray Bursts}",
      journal        = "Ann. Rev. Astron. Astrophys.",
      volume         = "52",
      year           = "2014",
      pages          = "43-105",
      doi            = "10.1146/annurev-astro-081913-035926",
      eprint         = "1311.2603",
      archivePrefix  = "arXiv",
      primaryClass   = "astro-ph.HE",
      SLACcitation   = "%%CITATION = ARXIV:1311.2603;%%"
}

@article{Fong:2015oha,
      author         = "Fong, Wen-fai and Berger, Edo and Margutti, Raffaella and
                        Zauderer, B. Ashley",
      title          = "{A Decade of Short-duration Gamma-ray Burst Broadband
                        Afterglows: Energetics, Circumburst Densities, and jet
                        Opening Angles}",
      journal        = "Astrophys. J.",
      volume         = "815",
      year           = "2015",
      number         = "2",
      pages          = "102",
      doi            = "10.1088/0004-637X/815/2/102",
      eprint         = "1509.02922",
      archivePrefix  = "arXiv",
      primaryClass   = "astro-ph.HE",
      SLACcitation   = "%%CITATION = ARXIV:1509.02922;%%"
}

@article{Li:1998bw,
      author         = "Li, Li-Xin and Paczynski, Bohdan",
      title          = "{Transient events from neutron star mergers}",
      journal        = "Astrophys. J.",
      volume         = "507",
      year           = "1998",
      pages          = "L59",
      doi            = "10.1086/311680",
      eprint         = "astro-ph/9807272",
      archivePrefix  = "arXiv",
      primaryClass   = "astro-ph",
      reportNumber   = "POPE-772",
      SLACcitation   = "%%CITATION = ASTRO-PH/9807272;%%"
}

@article{Nakar:2011cw,
      author         = "Nakar, Ehud and Piran, Tsvi",
      title          = "{Radio Remnants of Compact Binary Mergers - the
                        Electromagnetic Signal that will follow the Gravitational
                        Waves}",
      journal        = "Nature",
      volume         = "478",
      year           = "2011",
      pages          = "82-84",
      doi            = "10.1038/nature10365",
      eprint         = "1102.1020",
      archivePrefix  = "arXiv",
      primaryClass   = "astro-ph.HE",
      SLACcitation   = "%%CITATION = ARXIV:1102.1020;%%"
}

@article{Hansen:2000am,
      author         = "Hansen, Brad M. S. and Lyutikov, Maxim",
      title          = "{Radio and x-ray signatures of merging neutron stars}",
      journal        = "Mon. Not. Roy. Astron. Soc.",
      volume         = "322",
      year           = "2001",
      pages          = "695",
      doi            = "10.1046/j.1365-8711.2001.04103.x",
      eprint         = "astro-ph/0003218",
      archivePrefix  = "arXiv",
      primaryClass   = "astro-ph",
      reportNumber   = "CITA-99-27",
      SLACcitation   = "%%CITATION = ASTRO-PH/0003218;%%"
}

@article{Zhang:2013lta,
      author         = "Zhang, Bing",
      title          = "{A possible connection between Fast Radio Bursts and
                        Gamma-Ray Bursts}",
      journal        = "Astrophys. J. Lett.",
      volume         = "780",
      year           = "2014",
      pages          = "L21",
      doi            = "10.1088/2041-8205/780/2/L21",
      eprint         = "1310.4893",
      archivePrefix  = "arXiv",
      primaryClass   = "astro-ph.HE",
      SLACcitation   = "%%CITATION = ARXIV:1310.4893;%%"
}

@article{Abbott:2005yy,
      author         = "Abbott, B. and others",
      title          = "{A Search for gravitational waves associated with the
                        gamma ray burst GRB030329 using the LIGO detectors}",
      collaboration  = "LIGO Scientific",
      journal        = "Phys. Rev.",
      volume         = "D72",
      year           = "2005",
      pages          = "042002",
      doi            = "10.1103/PhysRevD.72.042002",
      eprint         = "gr-qc/0501068",
      archivePrefix  = "arXiv",
      primaryClass   = "gr-qc",
      reportNumber   = "FERMILAB-PUB-05-071-A, LIGO-P040007-06-D",
      SLACcitation   = "%%CITATION = GR-QC/0501068;%%"
}

@article{Abbott:2007rh,
      author         = "Abbott, B. and others",
      title          = "{Implications for the Origin of GRB 070201 from LIGO
                        Observations}",
      collaboration  = "LIGO Scientific",
      journal        = "Astrophys. J.",
      volume         = "681",
      year           = "2008",
      pages          = "1419-1428",
      doi            = "10.1086/587954",
      eprint         = "0711.1163",
      archivePrefix  = "arXiv",
      primaryClass   = "astro-ph",
      reportNumber   = "LIGO-P070081-A",
      SLACcitation   = "%%CITATION = ARXIV:0711.1163;%%"
}

@article{Abadie:2012bz,
      author         = "Abadie, J. and others",
      title          = "{Implications For The Origin Of GRB 051103 From LIGO
                        Observations}",
      collaboration  = "LIGO Scientific",
      journal        = "Astrophys. J.",
      volume         = "755",
      year           = "2012",
      pages          = "2",
      doi            = "10.1088/0004-637X/755/1/2",
      eprint         = "1201.4413",
      archivePrefix  = "arXiv",
      primaryClass   = "astro-ph.HE",
      SLACcitation   = "%%CITATION = ARXIV:1201.4413;%%"
}

@article{Briggs:2012ce,
      author         = "Abadie, J. and others",
      title          = "{Search for gravitational waves associated with gamma-ray
                        bursts during LIGO science run 6 and Virgo science runs 2
                        and 3}",
      collaboration  = "LIGO Scientific",
      journal        = "Astrophys. J.",
      volume         = "760",
      year           = "2012",
      pages          = "12",
      doi            = "10.1088/0004-637X/760/1/12",
      eprint         = "1205.2216",
      archivePrefix  = "arXiv",
      primaryClass   = "astro-ph.HE",
      reportNumber   = "LIGO-P1000121",
      SLACcitation   = "%%CITATION = ARXIV:1205.2216;%%"
}

@article{Abbott:2016gcq,
      author         = "Abbott, B. P. and others",
      title          = "{Localization and broadband follow-up of the
                        gravitational-wave transient GW150914}",
      collaboration  = "InterPlanetary Network, DES, INTEGRAL, La Silla-QUEST
                        Survey, MWA, Fermi-LAT, J-GEM, DEC, GRAWITA, Pi of the
                        Sky, Fermi GBM, MASTER, Swift, iPTF, VISTA, ASKAP,
                        SkyMapper, PESSTO, TOROS, Pan-STARRS, Virgo, Liverpool
                        Telescope, BOOTES, LIGO Scientific, LOFAR, C2PU, MAXI",
      journal        = "Submitted to: Astrophys. J. Lett.",
      year           = "2016",
      eprint         = "1602.08492",
      archivePrefix  = "arXiv",
      primaryClass   = "astro-ph.HE",
      reportNumber   = "LIGO-P1500227, LIGO-P1500227-V11,
                        FERMILAB-PUB-16-148-AE-E",
      SLACcitation   = "%%CITATION = ARXIV:1602.08492;%%"
}

@article{Abbott:2003pj,
      author         = "Abbott, B. and others",
      title          = "{Analysis of LIGO data for gravitational waves from
                        binary neutron stars}",
      collaboration  = "LIGO Scientific",
      journal        = "Phys. Rev.",
      volume         = "D69",
      year           = "2004",
      pages          = "122001",
      doi            = "10.1103/PhysRevD.69.122001",
      eprint         = "gr-qc/0308069",
      archivePrefix  = "arXiv",
      primaryClass   = "gr-qc",
      reportNumber   = "FERMILAB-PUB-03-454",
      SLACcitation   = "%%CITATION = GR-QC/0308069;%%"
}

@article{Colaboration:2011np,
      author         = "Abadie, J. and others",
      title          = "{Search for Gravitational Waves from Low Mass Compact
                        Binary Coalescence in LIGO's Sixth Science Run and Virgo's
                        Science Runs 2 and 3}",
      collaboration  = "VIRGO, LIGO",
      journal        = "Phys. Rev.",
      volume         = "D85",
      year           = "2012",
      pages          = "082002",
      doi            = "10.1103/PhysRevD.85.082002",
      eprint         = "1111.7314",
      archivePrefix  = "arXiv",
      primaryClass   = "gr-qc",
      SLACcitation   = "%%CITATION = ARXIV:1111.7314;%%"
}


@article{Owen:1998dk,
      author         = "Owen, Benjamin J. and Sathyaprakash, B. S.",
      title          = "{Matched filtering of gravitational waves from
                        inspiraling compact binaries: Computational cost and
                        template placement}",
      journal        = "Phys. Rev.",
      volume         = "D60",
      year           = "1999",
      pages          = "022002",
      doi            = "10.1103/PhysRevD.60.022002",
      eprint         = "gr-qc/9808076",
      archivePrefix  = "arXiv",
      primaryClass   = "gr-qc",
      reportNumber   = "GRP-505",
      SLACcitation   = "%%CITATION = GR-QC/9808076;%%"
}

@article{TheLIGOScientific:2016qqj,
      author         = "Abbott, B. P. and others",
      title          = "{GW150914: First results from the search for binary black
                        hole coalescence with Advanced LIGO}",
      collaboration  = "Virgo, LIGO Scientific",
      year           = "2016",
      eprint         = "1602.03839",
      archivePrefix  = "arXiv",
      primaryClass   = "gr-qc",
      reportNumber   = "LIGO-P1500269",
      SLACcitation   = "%%CITATION = ARXIV:1602.03839;%%"
}

@article{Abbott:2016jsd,
      author         = "Abbott, B. P. and others",
      title          = "{Calibration of the Advanced LIGO detectors for the
                        discovery of the binary black-hole merger GW150914}",
      collaboration  = "LIGO Scientific",
      year           = "2016",
      eprint         = "1602.03845",
      archivePrefix  = "arXiv",
      primaryClass   = "gr-qc",
      SLACcitation   = "%%CITATION = ARXIV:1602.03845;%%"
}

@article{Chen:2012qh,
      author         = "Chen, Hsin-Yu and Holz, Daniel E.",
      title          = "{Gamma-Ray-Burst Beaming and Gravitational-Wave
                        Observations}",
      journal        = "Phys. Rev. Lett.",
      volume         = "111",
      year           = "2013",
      number         = "18",
      pages          = "181101",
      doi            = "10.1103/PhysRevLett.111.181101",
      eprint         = "1206.0703",
      archivePrefix  = "arXiv",
      primaryClass   = "astro-ph.CO",
      SLACcitation   = "%%CITATION = ARXIV:1206.0703;%%"
}

@article{Nakar:2005bs,
      author         = "Nakar, Ehud and Gal-Yam, Avishay and Fox, Derek B.",
      title          = "{The Local Rate and the Progenitor Lifetimes of
                        Short-Hard Gamma-Ray Bursts: Synthesis and Predictions for
                        LIGO}",
      journal        = "Astrophys. J.",
      volume         = "650",
      year           = "2006",
      pages          = "281-290",
      doi            = "10.1086/505855",
      eprint         = "astro-ph/0511254",
      archivePrefix  = "arXiv",
      primaryClass   = "astro-ph",
      SLACcitation   = "%%CITATION = ASTRO-PH/0511254;%%"
}
@article{Aasi:2013wya,
      author         = "Aasi, J. and others",
      title          = "{Prospects for Observing and Localizing
                        Gravitational-Wave Transients with Advanced LIGO and
                        Advanced Virgo}",
      collaboration  = "VIRGO, LIGO Scientific",
      year           = "2013",
      doi            = "10.1007/lrr-2016-1",
      note           = "[Living Rev. Rel.19,1(2016)]",
      eprint         = "1304.0670",
      archivePrefix  = "arXiv",
      primaryClass   = "gr-qc",
      reportNumber   = "LIGO-P1200087, VIR-0288A-12",
      SLACcitation   = "%%CITATION = ARXIV:1304.0670;%%"
}

@article{Harry:2016ijz,
      author         = "Harry, Ian and Privitera, Stephen and Bohé, Alejandro
                        and Buonanno, Alessandra",
      title          = "{Searching for Gravitational Waves from Compact Binaries
                        with Precessing Spins}",
      year           = "2016",
      eprint         = "1603.02444",
      archivePrefix  = "arXiv",
      primaryClass   = "gr-qc",
      SLACcitation   = "%%CITATION = ARXIV:1603.02444;%%"
}

@article{Vangioni:2015ofa,
      author         = "Vangioni, Elisabeth and Goriely, Stéphane and Daigne,
                        Frédéric and François, Patrick and Belczynski,
                        Krzysztof",
      title          = "{Cosmic Neutron Star Merger Rate and Gravitational Waves
                        constrained by the R Process Nucleosynthesis}",
      journal        = "Mon. Not. Roy. Astron. Soc.",
      volume         = "455",
      year           = "2016",
      number         = "1",
      pages          = "17-34",
      doi            = "10.1093/mnras/stv2296",
      eprint         = "1501.01115",
      archivePrefix  = "arXiv",
      primaryClass   = "astro-ph.HE",
      SLACcitation   = "%%CITATION = ARXIV:1501.01115;%%"
}

@article{Petrillo:2012ij,
      author         = "Petrillo, Carlo Enrico and Dietz, Alexander and Cavaglia,
                        Marco",
      title          = "{Compact object coalescence rate estimation from short
                        gamma-ray burst observations}",
      journal        = "Astrophys. J.",
      volume         = "767",
      year           = "2013",
      pages          = "140",
      doi            = "10.1088/0004-637X/767/2/140",
      eprint         = "1202.0804",
      archivePrefix  = "arXiv",
      primaryClass   = "astro-ph.CO",
      SLACcitation   = "%%CITATION = ARXIV:1202.0804;%%"
}

@article{Coward:2012gn,
      author         = "Coward, David and Howell, Eric and Piran, Tsvi and
                        Stratta, Giulia and Branchesi, Marica and Bromberg, Omer
                        and Gendre, Bruce and Burman, Ronald and Guetta, Dafne",
      title          = "{The Swift short gamma-ray burst rate density:
                        implications for binary neutron star merger rates}",
      journal        = "Mon. Not. Roy. Astron. Soc.",
      volume         = "425",
      year           = "2012",
      pages          = "1365",
      doi            = "10.1111/j.1365-2966.2012.21604.x",
      eprint         = "1202.2179",
      archivePrefix  = "arXiv",
      primaryClass   = "astro-ph.CO",
      SLACcitation   = "%%CITATION = ARXIV:1202.2179;%%"
}

@article{Dominik:2013tma,
      author         = "Dominik, Michal and Belczynski, Krzysztof and Fryer,
                        Christopher and Holz, Daniel E. and Berti, Emanuele and
                        Bulik, Tomasz and Mandel, Ilya and O'Shaughnessy, Richard",
      title          = "{Double Compact Objects II: Cosmological Merger Rates}",
      journal        = "Astrophys. J.",
      volume         = "779",
      year           = "2013",
      pages          = "72",
      doi            = "10.1088/0004-637X/779/1/72",
      eprint         = "1308.1546",
      archivePrefix  = "arXiv",
      primaryClass   = "astro-ph.HE",
      SLACcitation   = "%%CITATION = ARXIV:1308.1546;%%"
}

@article{Dominik:2014yma,
      author         = "Dominik, M. and Berti, E. and O'Shaughnessy, R. and
                        Mandel, I. and Belczynski, K. and Fryer, C. and Holz, D.
                        and Bulik, T. and Pannarale, F.",
      title          = "{Double Compact Objects III: Gravitational Wave Detection
                        Rates}",
      journal        = "Astrophys. J.",
      volume         = "806",
      year           = "2015",
      number         = "2",
      pages          = "263",
      doi            = "10.1088/0004-637X/806/2/263",
      eprint         = "1405.7016",
      archivePrefix  = "arXiv",
      primaryClass   = "astro-ph.HE",
      SLACcitation   = "%%CITATION = ARXIV:1405.7016;%%"
}
% RATENUMBERS in table 1: NS-NS 52-162 Gpc^-3 yr^-3, BH-NS 0.04-20 Gpc^-3 yr^-3

@article{Bauswein:2014vfa,
      author         = "Bauswein, Andreas and Ardevol Pulpillo, R. and Janka, H.
                        T. and Goriely, S.",
      title          = "{Nucleosynthesis constraints on the neutron star-black
                        hole merger rate}",
      journal        = "Astrophys. J.",
      volume         = "795",
      year           = "2014",
      number         = "1",
      pages          = "L9",
      doi            = "10.1088/2041-8205/795/1/L9",
      eprint         = "1408.1783",
      archivePrefix  = "arXiv",
      primaryClass   = "astro-ph.SR",
      SLACcitation   = "%%CITATION = ARXIV:1408.1783;%%"
}

@article{Belczynski:2015tba,
      author         = "Belczynski, Krzysztof and Repetto, Serena and Holz,
                        Daniel E. and O’Shaughnessy, Richard and Bulik, Tomasz
                        and Berti, Emanuele and Fryer, Christopher and Dominik,
                        Michal",
      title          = "{Compact Binary Merger Rates: Comparison with LIGO/Virgo
                        Upper Limits}",
      journal        = "Astrophys. J.",
      volume         = "819",
      year           = "2016",
      number         = "2",
      pages          = "108",
      doi            = "10.3847/0004-637X/819/2/108",
      eprint         = "1510.04615",
      archivePrefix  = "arXiv",
      primaryClass   = "astro-ph.HE",
      SLACcitation   = "%%CITATION = ARXIV:1510.04615;%%"
}

@article{Kim:2013tca,
      author         = "Kim, Chunglee and Perera, Benetge Bhakthi Pranama and
                        McLaughlin, Maura A.",
      title          = "{Implications of PSR J0737-3039B for the Galactic NS-NS
                        Binary Merger Rate}",
      journal        = "Mon. Not. Roy. Astron. Soc.",
      volume         = "448",
      year           = "2013",
      number         = "1",
      pages          = "928-938",
      doi            = "10.1093/mnras/stu2729",
      eprint         = "1308.4676",
      archivePrefix  = "arXiv",
      primaryClass   = "astro-ph.SR",
      SLACcitation   = "%%CITATION = ARXIV:1308.4676;%%"
}


@article{Jin:2015txa,
      author         = "Jin, Zhi-Ping and Li, Xiang and Cano, Zach and Covino,
                        Stefano and Fan, Yi-Zhong and Wei, Da-Ming",
      title          = "{The Light Curve of the Macronova Associated With the
                        Long–short Burst GRB 060614}",
      journal        = "Astrophys. J.",
      volume         = "811",
      year           = "2015",
      number         = "2",
      pages          = "L22",
      doi            = "10.1088/2041-8205/811/2/L22",
      eprint         = "1507.07206",
      archivePrefix  = "arXiv",
      primaryClass   = "astro-ph.HE",
      SLACcitation   = "%%CITATION = ARXIV:1507.07206;%%"
}

@article{deMink:2015yea,
      author         = "de Mink, S. E. and Belczynski, K.",
      title          = "{Merger rates of double neutron stars and stellar origin
                        black holes: The Impact of Initial Conditions on Binary
                        Evolution Predictions}",
      journal        = "Astrophys. J.",
      volume         = "814",
      year           = "2015",
      number         = "1",
      pages          = "58",
      doi            = "10.1088/0004-637X/814/1/58",
      eprint         = "1506.03573",
      archivePrefix  = "arXiv",
      primaryClass   = "astro-ph.HE",
      SLACcitation   = "%%CITATION = ARXIV:1506.03573;%%"
}
%RATENUMBERS in RGal converted to Rvol with Eq.~9
% and local galactic density 0.01 (Abadie rates uses 0.0116...)
% Rgal range NS-NS 2.43-44.7 BH-NS 0.01-9.51
% to NSNS: 24-447 Gpc^-3 yr^-3 BH-NS 0.1-95.1 Gpc^-3 yr^-3



@article{Farr:2013yna,
      author         = "Farr, Will M. and Gair, Jonathan R. and Mandel, Ilya and
                        Cutler, Curt",
      title          = "{Counting And Confusion: Bayesian Rate Estimation With
                        Multiple Populations}",
      journal        = "Phys. Rev.",
      volume         = "D91",
      year           = "2015",
      number         = "2",
      pages          = "023005",
      doi            = "10.1103/PhysRevD.91.023005",
      eprint         = "1302.5341",
      archivePrefix  = "arXiv",
      primaryClass   = "astro-ph.IM",
      SLACcitation   = "%%CITATION = ARXIV:1302.5341;%%"
}

@article{Biswas:2007ni,
      author         = "Biswas, 2, Rahul and Brady, Patrick R. and Creighton,
                        Jolien D. E. and Fairhurst, Stephen",
      title          = "{The Loudest event statistic: General formulation,
                        properties and applications}",
      journal        = "Class. Quant. Grav.",
      volume         = "26",
      year           = "2009",
      pages          = "175009",
      doi            = "10.1088/0264-9381/26/17/175009,
                        10.1088/0264-9381/30/7/079502",
      note           = "[Erratum: Class. Quant. Grav.30,079502(2013)]",
      eprint         = "0710.0465",
      archivePrefix  = "arXiv",
      primaryClass   = "gr-qc",
      SLACcitation   = "%%CITATION = ARXIV:0710.0465;%%"
}

@article{Pannarale:2015jia,
      author         = "Pannarale, Francesco and Berti, Emanuele and Kyutoku,
                        Koutarou and Lackey, Benjamin D. and Shibata, Masaru",
      title          = "{Gravitational-wave cutoff frequencies of tidally
                        disruptive neutron star-black hole binary mergers}",
      journal        = "Phys. Rev.",
      volume         = "D92",
      year           = "2015",
      number         = "8",
      pages          = "081504",
      doi            = "10.1103/PhysRevD.92.081504",
      eprint         = "1509.06209",
      archivePrefix  = "arXiv",
      primaryClass   = "gr-qc",
      SLACcitation   = "%%CITATION = ARXIV:1509.06209;%%"
}

@article{Falanga:2015mra,
      author         = "Falanga, M. and Bozzo, E. and Lutovinov, A. and
                        Bonnet-Bidaud, J. M. and Fetisova, Y. and Puls, J.",
      title          = "{Ephemeris, orbital decay, and masses of ten eclipsing
                        high-mass X-ray binaries}",
      journal        = "Astron. Astrophys.",
      volume         = "577",
      year           = "2015",
      pages          = "A130",
      doi            = "10.1051/0004-6361/201425191",
      eprint         = "1502.07126",
      archivePrefix  = "arXiv",
      primaryClass   = "astro-ph.HE",
      SLACcitation   = "%%CITATION = ARXIV:1502.07126;%%"
}
@article{Freire:2007jd,
      author         = "Freire, Paulo Cesar Carvalho and Ransom, Scott M. and
                        Begin, Steve and Stairs, Ingrid H. and Hessels, Jason W.
                        T. and Frey, Lucille H. and Camilo, Fernando",
      title          = "{Eight New Millisecond Pulsars in NGC 6440 and NGC 6441}",
      journal        = "Astrophys. J.",
      volume         = "675",
      year           = "2008",
      pages          = "670",
      doi            = "10.1086/526338",
      eprint         = "0711.0925",
      archivePrefix  = "arXiv",
      primaryClass   = "astro-ph",
      SLACcitation   = "%%CITATION = ARXIV:0711.0925;%%"
}
@article{Antoniadis:2013pzd,
      author         = "Antoniadis, John and others",
      title          = "{A Massive Pulsar in a Compact Relativistic Binary}",
      journal        = "Science",
      volume         = "340",
      year           = "2013",
      pages          = "6131",
      doi            = "10.1126/science.1233232",
      eprint         = "1304.6875",
      archivePrefix  = "arXiv",
      primaryClass   = "astro-ph.HE",
      SLACcitation   = "%%CITATION = ARXIV:1304.6875;%%"
}

@article{Grupe:2006uc,
      author         = "Grupe, Dirk and Burrows, David N. and Patel, Sandeep K.
                        and Kouveliotou, Chryssa and Zhang, Bing and Meszaros,
                        Peter and Wijers, Ralph A. M. and Gehrels, Neil",
      title          = "{Jet breaks in short gamma-ray bursts. 1. the
                        uncollimated afterglow of grb 050724}",
      journal        = "Astrophys. J.",
      volume         = "653",
      year           = "2006",
      pages          = "462-467",
      doi            = "10.1086/508739",
      eprint         = "astro-ph/0603773",
      archivePrefix  = "arXiv",
      primaryClass   = "astro-ph",
      SLACcitation   = "%%CITATION = ASTRO-PH/0603773;%%"
}

@article{Soderberg:2006bn,
      author         = "Soderberg, Alicia M. and others",
      title          = "{The afterglow and host galaxy of the energetic
                        short-hard gamma-ray burst 051221}",
      journal        = "Astrophys. J.",
      volume         = "650",
      year           = "2006",
      pages          = "261-271",
      doi            = "10.1086/506429",
      eprint         = "astro-ph/0601455",
      archivePrefix  = "arXiv",
      primaryClass   = "astro-ph",
      SLACcitation   = "%%CITATION = ASTRO-PH/0601455;%%"
}



@article{Fox:2005kv,
      author         = "Fox, Derek B. and others",
      title          = "{The afterglow of grb050709 and the nature of the
                        short-hard gamma-ray bursts}",
      journal        = "Nature",
      volume         = "437",
      year           = "2005",
      pages          = "845-850",
      doi            = "10.1038/nature04189",
      eprint         = "astro-ph/0510110",
      archivePrefix  = "arXiv",
      primaryClass   = "astro-ph",
      SLACcitation   = "%%CITATION = ASTRO-PH/0510110;%%"
}


@ARTICLE{2012ApJ...756..189F,
   author = {{Fong}, W. and {Berger}, E. and {Margutti}, R. and {Zauderer}, B.~A. and 
	{Troja}, E. and {Czekala}, I. and {Chornock}, R. and {Gehrels}, N. and 
	{Sakamoto}, T. and {Fox}, D.~B. and {Podsiadlowski}, P.},
    title = "{A Jet Break in the X-Ray Light Curve of Short GRB 111020A: Implications for Energetics and Rates}",
  journal = {Astrophysical Journal},
archivePrefix = "arXiv",
   eprint = {1204.5475},
 primaryClass = "astro-ph.HE",
 keywords = {gamma-ray burst: general, gamma-ray burst: individual: 111020A},
     year = 2012,
    month = sep,
   volume = 756,
      eid = {189},
    pages = {189},
      doi = {10.1088/0004-637X/756/2/189},
   adsurl = {http://adsabs.harvard.edu/abs/2012ApJ...756..189F},
  adsnote = {Provided by the SAO/NASA Astrophysics Data System}
}


@ARTICLE{2013ApJ...766...41S,
   author = {{Sakamoto}, T. and {Troja}, E. and {Aoki}, K. and {Guiriec}, S. and 
	{Im}, M. and {Leloudas}, G. and {Malesani}, D. and {Melandri}, A. and 
	{de Ugarte Postigo}, A. and {Urata}, Y. and {Xu}, D. and {D'Avanzo}, P. and 
	{Gorosabel}, J. and {Jeon}, Y. and {S{\'a}nchez-Ram{\'{\i}}rez}, R. and 
	{Andersen}, M.~I. and {Bai}, J. and {Barthelmy}, S.~D. and {Briggs}, M.~S. and 
	{Foley}, S. and {Fruchter}, A.~S. and {Fynbo}, J.~P.~U. and 
	{Gehrels}, N. and {Huang}, K. and {Jang}, M. and {Kawai}, N. and 
	{Korhonen}, H. and {Mao}, J. and {Norris}, J.~P. and {Preece}, R.~D. and 
	{Racusin}, J.~L. and {Th{\"o}ne}, C.~C. and {Vida}, K. and {Zhao}, X.
	},
    title = "{Identifying the Location in the Host Galaxy of the Short GRB 111117A with the Chandra Subarcsecond Position}",
  journal = {Astrophysical Journal},
archivePrefix = "arXiv",
   eprint = {1205.6774},
 primaryClass = "astro-ph.HE",
 keywords = {gamma-ray burst: individual: GRB 111117A},
     year = 2013,
    month = mar,
   volume = 766,
      eid = {41},
    pages = {41},
      doi = {10.1088/0004-637X/766/1/41},
   adsurl = {http://adsabs.harvard.edu/abs/2013ApJ...766...41S},
  adsnote = {Provided by the SAO/NASA Astrophysics Data System}
}

@ARTICLE{2012ApJ...756...63M,
   author = {{Margutti}, R. and {Berger}, E. and {Fong}, W. and {Zauderer}, B.~A. and 
	{Cenko}, S.~B. and {Greiner}, J. and {Soderberg}, A.~M. and 
	{Cucchiara}, A. and {Rossi}, A. and {Klose}, S. and {Schmidl}, S. and 
	{Milisavljevic}, D. and {Sanders}, N.},
    title = "{The Afterglow and Environment of the Short GRB 111117A}",
  journal = {Astrophysical Journal},
archivePrefix = "arXiv",
   eprint = {1205.7075},
 primaryClass = "astro-ph.HE",
 keywords = {gamma-ray burst: individual: GRB111117A},
     year = 2012,
    month = sep,
   volume = 756,
      eid = {63},
    pages = {63},
      doi = {10.1088/0004-637X/756/1/63},
   adsurl = {http://adsabs.harvard.edu/abs/2012ApJ...756...63M},
  adsnote = {Provided by the SAO/NASA Astrophysics Data System}
}

@ARTICLE{2011A&A...531L...6N,
   author = {{Nicuesa Guelbenzu}, A. and {Klose}, S. and {Rossi}, A. and 
	{Kann}, D.~A. and {Kr{\"u}hler}, T. and {Greiner}, J. and {Rau}, A. and 
	{Olivares E.}, F. and {Afonso}, P.~M.~J. and {Filgas}, R. and 
	{K{\"u}pc{\"u} Yolda{\c s}}, A. and {McBreen}, S. and {Nardini}, M. and 
	{Schady}, P. and {Schmidl}, S. and {Updike}, A.~C. and {Yolda{\c s}}, A.
	},
    title = "{GRB 090426: Discovery of a jet break in a short burst afterglow}",
  journal = {Astronomy and Astrophysics},
archivePrefix = "arXiv",
   eprint = {1105.1312},
 keywords = {gamma-ray burst: individual: GRB 090426},
     year = 2011,
    month = jul,
   volume = 531,
      eid = {L6},
    pages = {L6},
      doi = {10.1051/0004-6361/201116657},
   adsurl = {http://adsabs.harvard.edu/abs/2011A%26A...531L...6N},
  adsnote = {Provided by the SAO/NASA Astrophysics Data System}
}

@article{Siellez:2013hia,
      author         = "Siellez, K. and Boër, M. and Gendre, B.",
      title          = "{Simultaneous event detection rates by electromagnetic
                        and gravitational wave detectors in the Advanced Era of
                        LIGO and Virgo}",
      journal        = "Mon. Not. Roy. Astron. Soc.",
      volume         = "437",
      year           = "2014",
      number         = "1",
      pages          = "649-655",
      doi            = "10.1093/mnras/stt1915",
      eprint         = "1310.2106",
      archivePrefix  = "arXiv",
      primaryClass   = "astro-ph.HE",
      SLACcitation   = "%%CITATION = ARXIV:1310.2106;%%"
}
@article{Giacomazzo:2012zt,
      author         = "Giacomazzo, Bruno and Perna, Rosalba and Rezzolla,
                        Luciano and Troja, Eleonora and Lazzati, Davide",
      title          = "{Compact Binary Progenitors of Short Gamma-Ray Bursts}",
      journal        = "Astrophys. J.",
      volume         = "762",
      year           = "2013",
      pages          = "L18",
      doi            = "10.1088/2041-8205/762/2/L18",
      eprint         = "1210.8152",
      archivePrefix  = "arXiv",
      primaryClass   = "astro-ph.HE",
      SLACcitation   = "%%CITATION = ARXIV:1210.8152;%%"
}
@article{Duez:2009yz,
      author         = "Duez, Matthew D.",
      title          = "{Numerical relativity confronts compact neutron star
                        binaries: a review and status report}",
      booktitle      = "{Numerical relativity and data analysis. Proceedings, 3rd
                        Annual Meeting, NRDA 2009, Potsdam, Germany, July 6-9,
                        2009}",
      journal        = "Class. Quant. Grav.",
      volume         = "27",
      year           = "2010",
      pages          = "114002",
      doi            = "10.1088/0264-9381/27/11/114002",
      eprint         = "0912.3529",
      archivePrefix  = "arXiv",
      primaryClass   = "astro-ph.HE",
      SLACcitation   = "%%CITATION = ARXIV:0912.3529;%%"
}
@ARTICLE{1974ApJ...192L.145L,
   author = {{Lattimer}, J.~M. and {Schramm}, D.~N.},
    title = "{Black-hole-neutron-star collisions}",
  journal = {Astrophysical Journal, Letters},
 keywords = {Astronomical Models, Black Holes (Astronomy), Neutron Stars, Roche Limit, Tides, Collision Parameters, Gravitational Effects, Interstellar Matter, Stellar Mass Ejection},
     year = 1974,
    month = sep,
   volume = 192,
    pages = {L145-L147},
      doi = {10.1086/181612},
   adsurl = {http://adsabs.harvard.edu/abs/1974ApJ...192L.145L},
  adsnote = {Provided by the SAO/NASA Astrophysics Data System}
}

@article{Arnould:2007gh,
      author         = "Arnould, M. and Goriely, S. and Takahashi, K.",
      title          = "{The r-process of stellar nucleosynthesis: Astrophysics
                        and nuclear physics achievements and mysteries}",
      journal        = "Phys. Rept.",
      volume         = "450",
      year           = "2007",
      pages          = "97-213",
      doi            = "10.1016/j.physrep.2007.06.002",
      eprint         = "0705.4512",
      archivePrefix  = "arXiv",
      primaryClass   = "astro-ph",
      SLACcitation   = "%%CITATION = ARXIV:0705.4512;%%"
}
@article{Ozel:2016oaf,
      author         = "Ozel, Feryal and Freire, Paulo",
      title          = "{Masses, Radii, and Equation of State of Neutron Stars}",
      journal = {Annual Review of Astronomy and Astrophysics},
      volume = {54},
      number = {1},
      pages = {null},
      year = {2016},
      doi = {10.1146/annurev-astro-081915-023322},
      year           = "2016",
      eprint         = "1603.02698",
      archivePrefix  = "arXiv",
      primaryClass   = "astro-ph.HE",
      SLACcitation   = "%%CITATION = ARXIV:1603.02698;%%"
}

@article{Martynov:2016fzi,
      author         = "Martynov, D. V. and others",
      title          = "{Sensitivity of the Advanced LIGO detectors at the
                        beginning of gravitational wave astronomy}",
      collaboration  = "LIGO Scientific",

      volume         = "D93",
      year           = "2016",
      number         = "11",
      pages          = "112004",
      doi            = "10.1103/PhysRevD.93.112004",
      eprint         = "1604.00439",
      archivePrefix  = "arXiv",
      primaryClass   = "astro-ph.IM",
      SLACcitation   = "%%CITATION = ARXIV:1604.00439;%%"
}

@article{Qian:2007vq,
      author         = "Qian, Y. -Z. and Wasserburg, G. J.",
      title          = "{Where, oh where has the r-process gone?}",
      journal        = "Phys. Rept.",
      volume         = "442",
      year           = "2007",
      pages          = "237-268",
      doi            = "10.1016/j.physrep.2007.02.006",
      eprint         = "0708.1767",
      archivePrefix  = "arXiv",
      primaryClass   = "astro-ph",
      SLACcitation   = "%%CITATION = ARXIV:0708.1767;%%"
}

@article{Regimbau:2014nxa,
      author         = "Regimbau, T. and Siellez, K. and Meacher, D. and Gendre,
                        B. and Boër, M.",
      title          = "{Revisiting coincidence rate between Gravitational Wave
                        detection and short Gamma-Ray Burst for the Advanced and
                        third generation}",
      journal        = "Astrophys. J.",
      volume         = "799",
      year           = "2015",
      number         = "1",
      pages          = "69",
      doi            = "10.1088/0004-637X/799/1/69",
      eprint         = "1410.2739",
      archivePrefix  = "arXiv",
      primaryClass   = "astro-ph.HE",
      SLACcitation   = "%%CITATION = ARXIV:1410.2739;%%"
}

@article{Dietz:2010eh,
      author         = "Dietz, Alexander",
      title          = "{Estimation of Compact Binary Coalescense Rates from
                        Short Gamma-Ray Burst Redshift Measurements}",
      journal        = "Astron. Astrophys.",
      volume         = "529",
      year           = "2011",
      pages          = "A97",
      doi            = "10.1051/0004-6361/201016166",
      eprint         = "1011.2059",
      archivePrefix  = "arXiv",
      primaryClass   = "astro-ph.HE",
      SLACcitation   = "%%CITATION = ARXIV:1011.2059;%%"
}
@article{Clark:2014jpa,
      author         = "Clark, J. and Evans, H. and Fairhurst, S. and Harry, I.
                        W. and Macdonald, E. and Macleod, D. and Sutton, P. J. and
                        Williamson, A. R.",
      title          = "{Prospects for joint gravitational wave and short
                        gamma-ray burst observations}",
      journal        = "Astrophys. J.",
      volume         = "809",
      year           = "2015",
      number         = "1",
      pages          = "53",
      doi            = "10.1088/0004-637X/809/1/53",
      eprint         = "1409.8149",
      archivePrefix  = "arXiv",
      primaryClass   = "astro-ph.HE",
      reportNumber   = "LIGO-P1400101",
      SLACcitation   = "%%CITATION = ARXIV:1409.8149;%%"
}

@article{Kiziltan:2013oja,
      author         = "Kiziltan, Bülent and Kottas, Athanasios and De Yoreo,
                        Maria and Thorsett, Stephen E.",
      title          = "{The Neutron Star Mass Distribution}",
      journal        = "Astrophys. J.",
      volume         = "778",
      year           = "2013",
      pages          = "66",
      doi            = "10.1088/0004-637X/778/1/66",
      eprint         = "1309.6635",
      archivePrefix  = "arXiv",
      primaryClass   = "astro-ph.SR",
      reportNumber   = "123ABC",
      SLACcitation   = "%%CITATION = ARXIV:1309.6635;%%"
}

@article{Ozel:2012ax,
      author         = "Ozel, Feryal and Psaltis, Dimitrios and Narayan, Ramesh
                        and Villarreal, Antonio Santos",
      title          = "{On the Mass Distribution and Birth Masses of Neutron
                        Stars}",
      journal        = "Astrophys. J.",
      volume         = "757",
      year           = "2012",
      pages          = "55",
      doi            = "10.1088/0004-637X/757/1/55",
      eprint         = "1201.1006",
      archivePrefix  = "arXiv",
      primaryClass   = "astro-ph.HE",
      SLACcitation   = "%%CITATION = ARXIV:1201.1006;%%"
}
@article{Wiktorowicz:2013dua,
      author         = "Wiktorowicz, Grzegorz and Belczynski, Krzysztof and
                        Maccarone, Thomas J.",
      title          = "{Black Hole X-ray Transients: The Formation Puzzle}",
      year           = "2013",
      eprint         = "1312.5924",
      archivePrefix  = "arXiv",
      primaryClass   = "astro-ph.HE",
      SLACcitation   = "%%CITATION = ARXIV:1312.5924;%%"
}


@article{Gou:2011nq,
      author         = "Gou, Lijun and McClintock, Jeffrey E. and Reid, Mark J.
                        and Orosz, Jerome A. and Steiner, James F. and Narayan,
                        Ramesh and Xiang, Jingen and Remillard, Ronald A. and
                        Arnaud, Keith A. and Davis, Shane W.",
      title          = "{The Extreme Spin of the Black Hole in Cygnus X-1}",
      journal        = "Astrophys. J.",
      volume         = "742",
      year           = "2011",
      pages          = "85",
      doi            = "10.1088/0004-637X/742/2/85",
      eprint         = "1106.3690",
      archivePrefix  = "arXiv",
      primaryClass   = "astro-ph.HE",
      SLACcitation   = "%%CITATION = ARXIV:1106.3690;%%"
}

@ARTICLE{2012MNRAS.424..217F,
   author = {{Fabian}, A.~C. and {Wilkins}, D.~R. and {Miller}, J.~M. and 
    {Reis}, R.~C. and {Reynolds}, C.~S. and {Cackett}, E.~M. and 
    {Nowak}, M.~A. and {Pooley}, G.~G. and {Pottschmidt}, K. and 
    {Sanders}, J.~S. and {Ross}, R.~R. and {Wilms}, J.},
    title = "{On the determination of the spin of the black hole in Cyg X-1 from X-ray reflection spectra}",
  journal = {Mon. Not. Roy. Astron. Soc.},
archivePrefix = "arXiv",
   eprint = {1204.5854},
 primaryClass = "astro-ph.HE",
 keywords = {accretion, accretion discs, black hole physics, line: profiles, X-rays: general},
     year = 2012,
    month = jul,
   volume = 424,
    pages = {217-223},
      doi = {10.1111/j.1365-2966.2012.21185.x},
   adsurl = {http://adsabs.harvard.edu/abs/2012MNRAS.424..217F},
  adsnote = {Provided by the SAO/NASA Astrophysics Data System}
}

