@incollection{efron1992bootstrap,
  title={Bootstrap methods: another look at the jackknife},
  author={Efron, Bradley},
  booktitle={Breakthroughs in statistics},
  pages={569--593},
  year={1992},
  publisher={Springer}
}

@article{LIGOScientific:2019eut,
      author         = "Abbott, Benjamin P and others",
      title          = "{Model comparison from LIGO-Virgo data on GW170817's
                        binary components and consequences for the merger
                        remnant}",
      collaboration  = "LIGO Scientific, Virgo",
      year           = "2019",
      eprint         = "1908.01012",
      archivePrefix  = "arXiv",
      primaryClass   = "gr-qc",
      reportNumber   = "LIGO-P1800379",
      SLACcitation   = "%%CITATION = ARXIV:1908.01012;%%"
}

@article{Radice:2018ozg,
      author         = "Radice, David and Dai, Liang",
      title          = "{Multimessenger Parameter Estimation of GW170817}",
      journal        = "Eur. Phys. J.",
      volume         = "A55",
      year           = "2019",
      number         = "4",
      pages          = "50",
      doi            = "10.1140/epja/i2019-12716-4",
      eprint         = "1810.12917",
      archivePrefix  = "arXiv",
      primaryClass   = "astro-ph.HE",
      SLACcitation   = "%%CITATION = ARXIV:1810.12917;%%"
}


@article{Capano:2019eae,
      author         = "Capano, Collin D. and Tews, Ingo and Brown, Stephanie M.
                        and Margalit, Ben and De, Soumi and Kumar, Sumit and
                        Brown, Duncan A. and Krishnan, Badri and Reddy, Sanjay",
      title          = "{GW170817: Stringent constraints on neutron-star radii
                        from multimessenger observations and nuclear theory}",
      year           = "2019",
      eprint         = "1908.10352",
      archivePrefix  = "arXiv",
      primaryClass   = "astro-ph.HE",
      reportNumber   = "INT-PUB-19-037, LA-UR-19-28442",
      SLACcitation   = "%%CITATION = ARXIV:1908.10352;%%"
}

@article{Canton:2014ena,
  author         = "Dal Canton, Tito and others",
  title          = "{Implementing a search for aligned-spin neutron
                    star-black hole systems with advanced ground based
                    gravitational wave detectors}",
  journal        = "Phys. Rev.",
  volume         = "D90",
  year           = "2014",
  number         = "8",
  pages          = "082004",
  doi            = "10.1103/PhysRevD.90.082004",
  eprint         = "1405.6731",
  archivePrefix  = "arXiv",
  primaryClass   = "gr-qc",
  reportNumber   = "LIGO-P1400053",
  SLACcitation   = "%%CITATION = ARXIV:1405.6731;%%"
}

@article{lartillot2006computing,
  title={Computing Bayes factors using thermodynamic integration},
  author={Lartillot, Nicolas and Philippe, Herv{\'e}},
  journal={Systematic biology},
  volume={55},
  number={2},
  pages={195--207},
  year={2006},
  publisher={Society of Systematic Zoology}
}

@article{doi:10.1093/sysbio/syq085,
author = {Xie, Wangang and Lewis, Paul O. and Fan, Yu and Kuo, Lynn and Chen, Ming-Hui},
title = {Improving Marginal Likelihood Estimation for Bayesian Phylogenetic Model Selection},
journal = {Systematic Biology},
volume = {60},
number = {2},
pages = {150-160},
year = {2011},
doi = {10.1093/sysbio/syq085},
URL = {http://dx.doi.org/10.1093/sysbio/syq085},
eprint = {/oup/backfile/content_public/journal/sysbio/60/2/10.1093_sysbio_syq085/11/syq085.pdf}
}

@book{read2006encyclopedia,
  title={Encyclopedia of statistical sciences},
  author={Read, Campbell B and Vidakovic, Brani},
  volume={2},
  year={2006},
  publisher={John Wiley \& Sons}
}

@book{hobson2010bayesian,
  title={Bayesian methods in cosmology},
  author={Hobson, Michael P and Jaffe, Andrew H and Liddle, Andrew R and Mukherjee, Pia and Parkinson, David},
  year={2010},
  publisher={Cambridge University Press}
}

@article{oehlert1992note,
  title={A note on the delta method},
  author={Oehlert, Gary W},
  journal={The American Statistician},
  volume={46},
  number={1},
  pages={27--29},
  year={1992},
  publisher={Taylor \& Francis}
}

@article{Usman:2015kfa,
  author         = "Usman, Samantha A. and others",
  title          = "{The PyCBC search for gravitational waves from compact
                    binary coalescence}",
  journal        = "Class. Quant. Grav.",
  volume         = "33",
  year           = "2016",
  number         = "21",
  pages          = "215004",
  doi            = "10.1088/0264-9381/33/21/215004",
  eprint         = "1508.02357",
  archivePrefix  = "arXiv",
  primaryClass   = "gr-qc",
  reportNumber   = "LIGO-P1500086",
  SLACcitation   = "%%CITATION = ARXIV:1508.02357;%%"
}

@article{Nitz:2017svb,
  author         = "Nitz, Alexander H. and Dent, Thomas and Dal Canton, Tito
                    and Fairhurst, Stephen and Brown, Duncan A.",
  title          = "{Detecting binary compact-object mergers with
                    gravitational waves: Understanding and Improving the
                    sensitivity of the PyCBC search}",
  journal        = "Astrophys. J.",
  volume         = "849",
  year           = "2017",
  number         = "2",
  pages          = "118",
  doi            = "10.3847/1538-4357/aa8f50",
  eprint         = "1705.01513",
  archivePrefix  = "arXiv",
  primaryClass   = "gr-qc",
  reportNumber   = "LIGO-P1700088-V4",
  SLACcitation   = "%%CITATION = ARXIV:1705.01513;%%"
}

@article{Abbott:2018exr,
      author         = "Abbott, B. P. and others",
      title          = "{GW170817: Measurements of neutron star radii and
                        equation of state}",
      collaboration  = "Virgo, LIGO Scientific",
      year           = "2018",
      eprint         = "1805.11581",
      archivePrefix  = "arXiv",
      primaryClass   = "gr-qc",
      reportNumber   = "LIGO-P1800115, LIGO-P1800115",
      SLACcitation   = "%%CITATION = ARXIV:1805.11581;%%"
}

@article{Abbott:2016ymx,
      author         = "Abbott, Benjamin P. and others",
      title          = "{Upper Limits on the Rates of Binary Neutron Star and
                        Neutron Star–black Hole Mergers From Advanced Ligo’s
                        First Observing run}",
      collaboration  = "Virgo, LIGO Scientific",
      journal        = "Astrophys. J.",
      volume         = "832",
      year           = "2016",
      number         = "2",
      pages          = "L21",
      doi            = "10.3847/2041-8205/832/2/L21",
      eprint         = "1607.07456",
      archivePrefix  = "arXiv",
      primaryClass   = "astro-ph.HE",
      SLACcitation   = "%%CITATION = ARXIV:1607.07456;%%"
}


@article{de2018tidal,
  title={Tidal Deformabilities and Radii of Neutron Stars from the Observation of GW170817},
  author={De, Soumi and Finstad, Daniel and Lattimer, James M and Brown, Duncan A and Berger, Edo and Biwer, Christopher M},
  journal={Physical review letters},
  volume={121},
  number={9},
  pages={091102},
  year={2018},
  publisher={APS}
}

@article{biwer2019pycbc,
  title={PyCBC Inference: A Python-based parameter estimation toolkit for compact binary coalescence signals},
  author={Biwer, CM and Capano, Collin D and De, Soumi and Cabero, Miriam and Brown, Duncan A and Nitz, Alexander H and Raymond, Vivien},
  journal={Publications of the Astronomical Society of the Pacific},
  volume={131},
  number={996},
  pages={024503},
  year={2019},
  publisher={IOP Publishing}
}


@article{OShaughnessy:2012oew,
      author         = "O'Shaughnessy, R.",
      title          = "{Data-driven methods to explore a large space of
                        computationally costly compact binary progenitor models}",
      journal        = "Phys. Rev.",
      volume         = "D88",
      year           = "2013",
      number         = "8",
      pages          = "084061",
      doi            = "10.1103/PhysRevD.88.084061",
      eprint         = "1204.3117",
      archivePrefix  = "arXiv",
      primaryClass   = "astro-ph.CO",
      reportNumber   = "LIGO-P1200037",
      SLACcitation   = "%%CITATION = ARXIV:1204.3117;%%"
}

@article{Chabanat:1997qh,
      author         = "Chabanat, E. and Meyer, J. and Bonche, P. and Schaeffer,
                        R. and Haensel, P.",
      title          = "{A Skyrme parametrization from subnuclear to neutron star
                        densities}",
      journal        = "Nucl. Phys.",
      volume         = "A627",
      year           = "1997",
      pages          = "710-746",
      doi            = "10.1016/S0375-9474(97)00596-4",
      SLACcitation   = "%%CITATION = NUPHA,A627,710;%%"
}

@article{Chabanat:1997un,
      author         = "Chabanat, E. and Bonche, P. and Haensel, P. and Meyer, J.
                        and Schaeffer, R.",
      title          = "{A Skyrme parametrization from subnuclear to neutron star
                        densities. 2. Nuclei far from stablities}",
      journal        = "Nucl. Phys.",
      volume         = "A635",
      year           = "1998",
      pages          = "231-256",
      doi            = "10.1016/S0375-9474(98)00570-3,
                        10.1016/S0375-9474(98)00180-8",
      note           = "[Erratum: Nucl. Phys.A643,441(1998)]",
      SLACcitation   = "%%CITATION = NUPHA,A635,231;%%"
}

@article{Allen:2005fk,
      author         = "Allen, Bruce and Anderson, Warren G. and Brady, Patrick
                        R. and Brown, Duncan A. and Creighton, Jolien D. E.",
      title          = "{FINDCHIRP: An Algorithm for detection of gravitational
                        waves from inspiraling compact binaries}",
      journal        = "Phys. Rev.",
      volume         = "D85",
      year           = "2012",
      pages          = "122006",
      doi            = "10.1103/PhysRevD.85.122006",
      eprint         = "gr-qc/0509116",
      archivePrefix  = "arXiv",
      primaryClass   = "gr-qc",
      SLACcitation   = "%%CITATION = GR-QC/0509116;%%"
}

@article{Douchin:2001sv,
      author         = "Douchin, F. and Haensel, P.",
      title          = "{A unified equation of state of dense matter and neutron
                        star structure}",
      journal        = "Astron. Astrophys.",
      volume         = "380",
      year           = "2001",
      pages          = "151",
      doi            = "10.1051/0004-6361:20011402",
      eprint         = "astro-ph/0111092",
      archivePrefix  = "arXiv",
      primaryClass   = "astro-ph",
      SLACcitation   = "%%CITATION = ASTRO-PH/0111092;%%"
}

@article{Welch:1967abc,
         author    = "P. Welch",
         title     = "{The use of fast Fourier transform for the estimation of
                       power spectra: A method based on time averaging over short, 
                       modified periodograms}",
         journal   = "IEEE Transactions on Audio and Electroacoustics",
         volume    = "15",
         issue     = "2",
         pages     = "70-73",
         year      = 1967,
         doi       = "10.1109/TAU.1967.1161901"
         }

@article {Ho20170285,
	author = {Ho, Wynn C. G.},
	title = {Gravitational waves from neutron stars and asteroseismology},
	volume = {376},
	number = {2120},
	year = {2018},
	doi = {10.1098/rsta.2017.0285},
	publisher = {The Royal Society},
	abstract = {Neutron stars are born in the supernova explosion of massive stars. Neutron stars rotate as stably as atomic clocks and possess densities exceeding that of atomic nuclei and magnetic fields millions to billions of times stronger than those created in laboratories on the Earth. The physical properties of neutron stars are determined by many areas of fundamental physics, and detection of gravitational waves can provide invaluable insights into our understanding of these areas. Here, we describe some of the physics and astrophysics of neutron stars and how traditional electromagnetic wave observations provide clues to the sorts of gravitational waves we expect from these stars. We pay particular attention to neutron star fluid oscillations, examining their impact on electromagnetic and gravitational wave observations when these stars are in a wide binary or isolated system, then during binary inspiral right before merger, and finally at times soon after merger.This article is part of a discussion meeting issue {\textquoteleft}The promises of gravitational-wave astronomy{\textquoteright}.},
	issn = {1364-503X},
	URL = {http://rsta.royalsocietypublishing.org/content/376/2120/20170285},
	eprint = {http://rsta.royalsocietypublishing.org/content/376/2120/20170285.full.pdf},
	journal = {Philosophical Transactions of the Royal Society of London A: Mathematical, Physical and Engineering Sciences}
}

@article{Essick:2016tkn,
      author         = "Essick, Reed and Vitale, Salvatore and Weinberg, Nevin
                        N.",
      title          = "{Impact of the tidal p-g instability on the gravitational
                        wave signal from coalescing binary neutron stars}",
      journal        = "Phys. Rev.",
      volume         = "D94",
      year           = "2016",
      number         = "10",
      pages          = "103012",
      doi            = "10.1103/PhysRevD.94.103012",
      eprint         = "1609.06362",
      archivePrefix  = "arXiv",
      primaryClass   = "astro-ph.HE",
      SLACcitation   = "%%CITATION = ARXIV:1609.06362;%%"
}

@article{Zhou:2018tvc,
      author         = "Zhou, Yixiao and Zhang, Fan",
      title          = "{Equation of State Dependence of Nonlinear Mode-tide
                        Coupling in Coalescing Binary Neutron Stars}",
      year           = "2018",
      doi            = "10.3847/1538-4357/aa906e",
      note           = "[Astrophys. J.849,114(2017)]",
      eprint         = "1801.09675",
      archivePrefix  = "arXiv",
      primaryClass   = "astro-ph.HE",
      SLACcitation   = "%%CITATION = ARXIV:1801.09675;%%"
}

@article{Weinberg:2013pbi,
      author         = "Weinberg, Nevin N. and Arras, Phil and Burkart, Joshua",
      title          = "{An instability due to the nonlinear coupling of p-modes
                        to g-modes: Implications for coalescing neutron star
                        binaries}",
      journal        = "Astrophys. J.",
      volume         = "769",
      year           = "2013",
      pages          = "121",
      doi            = "10.1088/0004-637X/769/2/121",
      eprint         = "1302.2292",
      archivePrefix  = "arXiv",
      primaryClass   = "astro-ph.SR",
      SLACcitation   = "%%CITATION = ARXIV:1302.2292;%%"
}

@article{Weinberg:2015pxa,
      author         = "Weinberg, Nevin N.",
      title          = "{Growth rate of the tidal p-mode g-mode instability in
                        coalescing binary neutron stars}",
      journal        = "Astrophys. J.",
      volume         = "819",
      year           = "2016",
      number         = "2",
      pages          = "109",
      doi            = "10.3847/0004-637X/819/2/109",
      eprint         = "1509.06975",
      archivePrefix  = "arXiv",
      primaryClass   = "astro-ph.SR",
      SLACcitation   = "%%CITATION = ARXIV:1509.06975;%%"
}

@article{Yu:2016ltf,
      author         = "Yu, Hang and Weinberg, Nevin N.",
      title          = "{Resonant tidal excitation of superfluid neutron stars in
                        coalescing binaries}",
      journal        = "Mon. Not. Roy. Astron. Soc.",
      volume         = "464",
      year           = "2017",
      number         = "3",
      pages          = "2622-2637",
      doi            = "10.1093/mnras/stw2552",
      eprint         = "1610.00745",
      archivePrefix  = "arXiv",
      primaryClass   = "astro-ph.HE",
      SLACcitation   = "%%CITATION = ARXIV:1610.00745;%%"
}

@article{Andersson:2017iav,
      author         = "Andersson, N. and Ho, W. C. G.",
      title          = "{Using gravitational-wave data to constrain dynamical
                        tides in neutron star binaries}",
      journal        = "Phys. Rev.",
      volume         = "D97",
      year           = "2018",
      number         = "2",
      pages          = "023016",
      doi            = "10.1103/PhysRevD.97.023016",
      eprint         = "1710.05950",
      archivePrefix  = "arXiv",
      primaryClass   = "astro-ph.HE",
      SLACcitation   = "%%CITATION = ARXIV:1710.05950;%%"
}

@ARTICLE{2017PhRvD..96j2001C,
   author = {{Cahillane}, C. and {Betzwieser}, J. and {Brown}, D.~A. and 
	{Goetz}, E. and {Hall}, E.~D. and {Izumi}, K. and {Kandhasamy}, S. and 
	{Karki}, S. and {Kissel}, J.~S. and {Mendell}, G. and {Savage}, R.~L. and 
	{Tuyenbayev}, D. and {Urban}, A. and {Viets}, A. and {Wade}, M. and 
	{Weinstein}, A.~J.},
    title = "{Calibration uncertainty for Advanced LIGO's first and second observing runs}",
    journal = {\prd},
    archivePrefix = "arXiv",
    eprint = {1708.03023},
    primaryClass = "astro-ph.IM",
    year = 2017,
    month = nov,
    volume = 96,
    number = 10,
    eid = {102001},
    pages = {102001},
    doi = {10.1103/PhysRevD.96.102001},
    adsurl = {http://adsabs.harvard.edu/abs/2017PhRvD..96j2001C},
    adsnote = {Provided by the SAO/NASA Astrophysics Data System}
}


@article{Buonanno:2009zt,
      author         = "Buonanno, Alessandra and Iyer, Bala and Ochsner, Evan and
                        Pan, Yi and Sathyaprakash, B. S.",
      title          = "{Comparison of post-Newtonian templates for compact
                        binary inspiral signals in gravitational-wave detectors}",
      journal        = "Phys. Rev.",
      volume         = "D80",
      year           = "2009",
      pages          = "084043",
      doi            = "10.1103/PhysRevD.80.084043",
      eprint         = "0907.0700",
      archivePrefix  = "arXiv",
      primaryClass   = "gr-qc",
      SLACcitation   = "%%CITATION = ARXIV:0907.0700;%%"
}

@article{Arun:2008kb,
      author         = "Arun, K. G. and Buonanno, Alessandra and Faye, Guillaume
                        and Ochsner, Evan",
      title          = "{Higher-order spin effects in the amplitude and phase of
                        gravitational waveforms emitted by inspiraling compact
                        binaries: Ready-to-use gravitational waveforms}",
      journal        = "Phys. Rev.",
      volume         = "D79",
      year           = "2009",
      pages          = "104023",
      doi            = "10.1103/PhysRevD.79.104023, 10.1103/PhysRevD.84.049901",
      note           = "[Erratum: Phys. Rev.D84,049901(2011)]",
      eprint         = "0810.5336",
      archivePrefix  = "arXiv",
      primaryClass   = "gr-qc",
      SLACcitation   = "%%CITATION = ARXIV:0810.5336;%%"
}


@article{Bohe:2013cla,
      author         = "Bohé, Alejandro and Marsat, Sylvain and Blanchet, Luc",
      title          = "{Next-to-next-to-leading order spin–orbit effects in
                        the gravitational wave flux and orbital phasing of compact
                        binaries}",
      journal        = "Class. Quant. Grav.",
      volume         = "30",
      year           = "2013",
      pages          = "135009",
      doi            = "10.1088/0264-9381/30/13/135009",
      eprint         = "1303.7412",
      archivePrefix  = "arXiv",
      primaryClass   = "gr-qc",
      SLACcitation   = "%%CITATION = ARXIV:1303.7412;%%"
}

@article{Bohe:2015ana,
      author         = "Bohé, Alejandro and Faye, Guillaume and Marsat, Sylvain
                        and Porter, Edward K.",
      title          = "{Quadratic-in-spin effects in the orbital dynamics and
                        gravitational-wave energy flux of compact binaries at the
                        3PN order}",
      journal        = "Class. Quant. Grav.",
      volume         = "32",
      year           = "2015",
      number         = "19",
      pages          = "195010",
      doi            = "10.1088/0264-9381/32/19/195010",
      eprint         = "1501.01529",
      archivePrefix  = "arXiv",
      primaryClass   = "gr-qc",
      SLACcitation   = "%%CITATION = ARXIV:1501.01529;%%"
}



@article{Mikoczi:2005dn,
      author         = "Mikoczi, Balazs and Vasuth, Matyas and Gergely, Laszlo
                        A.",
      title          = "{Self-interaction spin effects in inspiralling compact
                        binaries}",
      journal        = "Phys. Rev.",
      volume         = "D71",
      year           = "2005",
      pages          = "124043",
      doi            = "10.1103/PhysRevD.71.124043",
      eprint         = "astro-ph/0504538",
      archivePrefix  = "arXiv",
      primaryClass   = "astro-ph",
      SLACcitation   = "%%CITATION = ASTRO-PH/0504538;%%"
}

@article{Vines:2011ud,
      author         = "Vines, Justin and Flanagan, Eanna E. and Hinderer, Tanja",
      title          = "{Post-1-Newtonian tidal effects in the gravitational
                        waveform from binary inspirals}",
      journal        = "Phys. Rev.",
      volume         = "D83",
      year           = "2011",
      pages          = "084051",
      doi            = "10.1103/PhysRevD.83.084051",
      eprint         = "1101.1673",
      archivePrefix  = "arXiv",
      primaryClass   = "gr-qc",
      SLACcitation   = "%%CITATION = ARXIV:1101.1673;%%"
}

@article{Vallisneri:2014vxa,
      author         = "Vallisneri, Michele and Kanner, Jonah and Williams, Roy
                        and Weinstein, Alan and Stephens, Branson",
      title          = "{The LIGO Open Science Center}",
      booktitle      = "{Proceedings, 10th International LISA Symposium:
                        Gainesville, Florida, USA, May 18-23, 2014}",
      journal        = "J. Phys. Conf. Ser.",
      volume         = "610",
      year           = "2015",
      number         = "1",
      pages          = "012021",
      doi            = "10.1088/1742-6596/610/1/012021",
      eprint         = "1410.4839",
      archivePrefix  = "arXiv",
      primaryClass   = "gr-qc",
      SLACcitation   = "%%CITATION = ARXIV:1410.4839;%%"
}

@article{doi:10.1143/PTPS.157.317,
author = {Wang, Jian-Sheng and Swendsen, Robert H.},
title = {Replica Monte Carlo Simulation (Revisited)},
journal = {Progress of Theoretical Physics Supplement},
volume = {157},
number = {},
pages = {317-323},
year = {2005},
doi = {10.1143/PTPS.157.317},
URL = {http://dx.doi.org/10.1143/PTPS.157.317},
}

@article{Ozel:2016oaf,
      author         = "Ozel, Feryal and Freire, Paulo",
      title          = "{Masses, Radii, and the Equation of State of Neutron
                        Stars}",
      journal        = "Ann. Rev. Astron. Astrophys.",
      volume         = "54",
      year           = "2016",
      pages          = "401-440",
      doi            = "10.1146/annurev-astro-081915-023322",
      eprint         = "1603.02698",
      archivePrefix  = "arXiv",
      primaryClass   = "astro-ph.HE",
      SLACcitation   = "%%CITATION = ARXIV:1603.02698;%%"
}


@article{B509983H,
author ="Earl, David J. and Deem, Michael W.",
title  ="Parallel tempering: Theory{,} applications{,} and new perspectives",
journal  ="Phys. Chem. Chem. Phys.",
year  ="2005",
volume  ="7",
issue  ="23",
pages  ="3910-3916",
publisher  ="The Royal Society of Chemistry",
doi  ="10.1039/B509983H",
url  ="http://dx.doi.org/10.1039/B509983H",
abstract  ="We review the history of the parallel tempering simulation method. From its origins in data analysis{,} the parallel tempering method has become a standard workhorse of physicochemical simulations. We discuss the theory behind the method and its various generalizations. We mention a selected set of the many applications that have become possible with the introduction of parallel tempering{,} and we suggest several promising avenues for future research."}

@article{vousden:2016,
      author = "Vousden, W. D. and Farr, W. M. and Mandel, I.",
      title = "{Dynamic temperature selection for parallel tempering in Markov chain Monte Carlo simulations}",
journal = {Monthly Notices of the Royal Astronomical Society},
      volume = {455},
      number = {2},
      pages = {1919-1937},
      year = {2016},
      doi = {10.1093/mnras/stv2422},
      URL = {http://dx.doi.org/10.1093/mnras/stv2422}
}

@misc{lal,
year = 2017,
note = {{https://git.ligo.org/lscsoft/lalsuite}},
publisher = {Commit hash version \texttt{8cbd1b7187ce3ed9a825d6ed11cc432f3cfde9a5}},
author = {Mercer, R. A. and others},
title = {{LIGO Algorithm Library}}
}

@article{Soares-Santos:2017lru,
      author         = "Soares-Santos, M. and others",
      title          = "{The Electromagnetic Counterpart of the Binary Neutron
                        Star Merger LIGO/Virgo GW170817. I. Discovery of the
                        Optical Counterpart Using the Dark Energy Camera}",
      collaboration  = "Dark Energy Camera GW-EM, DES",
      journal        = "Astrophys. J.",
      volume         = "848",
      year           = "2017",
      number         = "2",
      pages          = "L16",
      doi            = "10.3847/2041-8213/aa9059",
      eprint         = "1710.05459",
      archivePrefix  = "arXiv",
      primaryClass   = "astro-ph.HE",
      reportNumber   = "FERMILAB-PUB-17-454-AE-CD-PPD",
      SLACcitation   = "%%CITATION = ARXIV:1710.05459;%%"
}

@article{Cantiello:2018ffy,
      author         = "Cantiello, Michele and others",
      title          = "{A Precise Distance to the Host Galaxy of the Binary
                        Neutron Star Merger GW170817 Using Surface Brightness
                        Fluctuations}",
      journal        = "Astrophys. J.",
      volume         = "854",
      year           = "2018",
      number         = "2",
      pages          = "L31",
      doi            = "10.3847/2041-8213/aaad64",
      eprint         = "1801.06080",
      archivePrefix  = "arXiv",
      primaryClass   = "astro-ph.GA",
      SLACcitation   = "%%CITATION = ARXIV:1801.06080;%%"
}

@ARTICLE{emcee,
   author = {{Foreman-Mackey}, D. and {Hogg}, D.~W. and {Lang}, D. and {Goodman}, J.
	},
    title = "{emcee: The MCMC Hammer}",
  journal = {Publ. Astron. Soc. Pac.},
archivePrefix = "arXiv",
   eprint = {1202.3665},
 primaryClass = "astro-ph.IM",
     year = 2013,
    month = mar,
   volume = 125,
    pages = {306},
      doi = {10.1086/670067},
   adsurl = {http://adsabs.harvard.edu/abs/2013PASP..125..306F},
  adsnote = {Provided by the SAO/NASA Astrophysics Data System}
}

@article{TheLIGOScientific:2017qsa,
      author         = "Abbott, B. P. and others",
      title          = "{GW170817: Observation of Gravitational Waves from a
                        Binary Neutron Star Inspiral}",
      collaboration  = "Virgo, LIGO Scientific",
      journal        = "Phys. Rev. Lett.",
      volume         = "119",
      year           = "2017",
      number         = "16",
      pages          = "161101",
      doi            = "10.1103/PhysRevLett.119.161101",
      eprint         = "1710.05832",
      archivePrefix  = "arXiv",
      primaryClass   = "gr-qc",
      reportNumber   = "LIGO-P170817",
      SLACcitation   = "%%CITATION = ARXIV:1710.05832;%%"
}

@manual{gw170817-losc,
year = 2017,
title = {{LOSC CLN Data Products for GW170817}},
author = {Blackburn, Kent and others},
url = "https://dcc.ligo.org/P1700349/public",
doi = {doi:10.7935/K5B8566F}
}

@Misc{scipy,
  author =    {Eric Jones and Travis Oliphant and Pearu Peterson and others},
  title =     {{SciPy}: Open source scientific tools for {Python}},
  year =      {2001--},
  url = "http://www.scipy.org/",
  note = {[Online; accessed <today>]}
}


@article{Abbott:2018wiz,
      author         = "Abbott, B. P. and others",
      title          = "{Properties of the binary neutron star merger GW170817}",
      collaboration  = "Virgo, LIGO Scientific",
      year           = "2018",
      eprint         = "1805.11579",
      archivePrefix  = "arXiv",
      primaryClass   = "gr-qc",
      SLACcitation   = "%%CITATION = ARXIV:1805.11579;%%"
}

@article{Zackay:2018qdy,
      author         = "Zackay, Barak and Dai, Liang and Venumadhav, Tejaswi",
      title          = "{Relative Binning and Fast Likelihood Evaluation for
                        Gravitational Wave Parameter Estimation}",
      year           = "2018",
      eprint         = "1806.08792",
      archivePrefix  = "arXiv",
      primaryClass   = "astro-ph.IM",
      SLACcitation   = "%%CITATION = ARXIV:1806.08792;%%"
}

@article{Dai:2018dca,
      author         = "Dai, Liang and Venumadhav, Tejaswi and Zackay, Barak",
      title          = "{Parameter Estimation for GW170817 using Relative
                        Binning}",
      year           = "2018",
      eprint         = "1806.08793",
      archivePrefix  = "arXiv",
      primaryClass   = "gr-qc",
      SLACcitation   = "%%CITATION = ARXIV:1806.08793;%%"
}

@article{Venumadhav:2013nla,
      author         = "Venumadhav, Tejaswi and Zimmerman, Aaron and Hirata,
                        Christopher M.",
      title          = "{The stability of tidally deformed neutron stars to
                        three- and four-mode coupling}",
      journal        = "Astrophys. J.",
      volume         = "781",
      year           = "2014",
      pages          = "23",
      doi            = "10.1088/0004-637X/781/1/23",
      eprint         = "1307.2890",
      archivePrefix  = "arXiv",
      primaryClass   = "astro-ph.HE",
      SLACcitation   = "%%CITATION = ARXIV:1307.2890;%%"
}

@ARTICLE{Res:1994ApJ...426..688R,
   author = {{Reisenegger}, A. and {Goldreich}, P.},
    title = "{Excitation of neutron star normal modes during binary inspiral}",
  journal = {\apj},
 keywords = {Binary Stars, Excitation, Gravitational Waves, Neutron Stars, Stellar Orbits, Amplitudes, Equations Of State, Phase Shift, Quadrupoles, Spectral Signatures, Stellar Physics, Stellar Structure, Variations},
     year = 1994,
    month = may,
   volume = 426,
    pages = {688-691},
      doi = {10.1086/174105},
   adsurl = {http://adsabs.harvard.edu/abs/1994ApJ...426..688R},
  adsnote = {Provided by the SAO/NASA Astrophysics Data System}
}
@ARTICLE{Lai:1994MNRAS.270..611L,
   author = {{Lai}, D.},
    title = "{Resonant Oscillations and Tidal Heating in Coalescing Binary Neutron Stars}",
  journal = {\mnras},
   eprint = {astro-ph/9404062},
     year = 1994,
    month = oct,
   volume = 270,
    pages = {611},
      doi = {10.1093/mnras/270.3.611},
   adsurl = {http://adsabs.harvard.edu/abs/1994MNRAS.270..611L},
  adsnote = {Provided by the SAO/NASA Astrophysics Data System}
}
@ARTICLE{McDer:1988ApJ...325..725M,
   author = {{McDermott}, P.~N. and {van Horn}, H.~M. and {Hansen}, C.~J.
	},
    title = "{Nonradial oscillations of neutron stars}",
  journal = {\apj},
 keywords = {Neutron Stars, Pulsars, Stellar Models, Stellar Oscillations, Elastic Waves, Stellar Gravitation, Stellar Interiors, Stellar Radiation, Stellar Temperature},
     year = 1988,
    month = feb,
   volume = 325,
    pages = {725-748},
      doi = {10.1086/166044},
   adsurl = {http://adsabs.harvard.edu/abs/1988ApJ...325..725M},
  adsnote = {Provided by the SAO/NASA Astrophysics Data System}
}
@article{Flores:2017kte,
      author         = "Flores, Cesar Vásquez and Hall, II, Zack B. and
                        Jaikumar, Prashanth",
      title          = "{Nonradial oscillation modes of compact stars with a
                        crust}",
      journal        = "Phys. Rev.",
      volume         = "C96",
      year           = "2017",
      number         = "6",
      pages          = "065803",
      doi            = "10.1103/PhysRevC.96.065803",
      eprint         = "1708.05985",
      archivePrefix  = "arXiv",
      primaryClass   = "gr-qc",
      SLACcitation   = "%%CITATION = ARXIV:1708.05985;%%"
}


@article{Ho:1998hq,
      author         = "Ho, Wynn C. G. and Lai, Dong",
      title          = "{Resonant tidal excitations of rotating neutron stars in
                        coalescing binaries}",
      journal        = "Mon. Not. Roy. Astron. Soc.",
      volume         = "308",
      year           = "1999",
      pages          = "153",
      doi            = "10.1046/j.1365-8711.1999.02703.x",
      eprint         = "astro-ph/9812116",
      archivePrefix  = "arXiv",
      primaryClass   = "astro-ph",
      SLACcitation   = "%%CITATION = ASTRO-PH/9812116;%%"
}
@article{Lai:2006pr,
      author         = "Lai, Dong and Wu, Yanqin",
      title          = "{Resonant Tidal Excitations of Inertial Modes in
                        Coalescing Neutron Star Binaries}",
      journal        = "Phys. Rev.",
      volume         = "D74",
      year           = "2006",
      pages          = "024007",
      doi            = "10.1103/PhysRevD.74.024007",
      eprint         = "astro-ph/0604163",
      archivePrefix  = "arXiv",
      primaryClass   = "astro-ph",
      SLACcitation   = "%%CITATION = ASTRO-PH/0604163;%%"
}
@article{Kokkotas:1999mn,
      author         = "Kokkotas, K. D. and Apostolatos, T. A. and Andersson, N.",
      title          = "{The Inverse problem for pulsating neutron stars: A
                        'Fingerprint analysis' for the supranuclear equation of
                        state}",
      journal        = "Mon. Not. Roy. Astron. Soc.",
      volume         = "320",
      year           = "2001",
      pages          = "307-315",
      doi            = "10.1046/j.1365-8711.2001.03945.x",
      eprint         = "gr-qc/9901072",
      archivePrefix  = "arXiv",
      primaryClass   = "gr-qc",
      SLACcitation   = "%%CITATION = GR-QC/9901072;%%"
}
@article{Benhar:2004xg,
      author         = "Benhar, Omar and Ferrari, Valeria and Gualtieri,
                        Leonardo",
      title          = "{Gravitational wave asteroseismology revisited}",
      journal        = "Phys. Rev.",
      volume         = "D70",
      year           = "2004",
      pages          = "124015",
      doi            = "10.1103/PhysRevD.70.124015",
      eprint         = "astro-ph/0407529",
      archivePrefix  = "arXiv",
      primaryClass   = "astro-ph",
      SLACcitation   = "%%CITATION = ASTRO-PH/0407529;%%"
}
@article{Cutler:1994ys,
      author         = "Cutler, Curt and Flanagan, Eanna E.",
      title          = "{Gravitational waves from merging compact binaries: How
                        accurately can one extract the binary's parameters from
                        the inspiral wave form?}",
      journal        = "Phys. Rev.",
      volume         = "D49",
      year           = "1994",
      pages          = "2658-2697",
      doi            = "10.1103/PhysRevD.49.2658",
      eprint         = "gr-qc/9402014",
      archivePrefix  = "arXiv",
      primaryClass   = "gr-qc",
      reportNumber   = "GRP-369",
      SLACcitation   = "%%CITATION = GR-QC/9402014;%%"
}
@article{Droz:1999qx,
      author         = "Droz, Serge and Knapp, Daniel J. and Poisson, Eric and
                        Owen, Benjamin J.",
      title          = "{Gravitational waves from inspiraling compact binaries:
                        Validity of the stationary phase approximation to the
                        Fourier transform}",
      journal        = "Phys. Rev.",
      volume         = "D59",
      year           = "1999",
      pages          = "124016",
      doi            = "10.1103/PhysRevD.59.124016",
      eprint         = "gr-qc/9901076",
      archivePrefix  = "arXiv",
      primaryClass   = "gr-qc",
      SLACcitation   = "%%CITATION = GR-QC/9901076;%%"
}
@article{Damour:1997ub,
      author         = "Damour, Thibault and Iyer, Bala R. and Sathyaprakash, B.
                        S.",
      title          = "{Improved filters for gravitational waves from
                        inspiralling compact binaries}",
      journal        = "Phys. Rev.",
      volume         = "D57",
      year           = "1998",
      pages          = "885-907",
      doi            = "10.1103/PhysRevD.57.885",
      eprint         = "gr-qc/9708034",
      archivePrefix  = "arXiv",
      primaryClass   = "gr-qc",
      SLACcitation   = "%%CITATION = GR-QC/9708034;%%"
}
@misc{alex_nitz_2018_1208115,
  author       = {Alex Nitz and
                  Ian Harry and
                  Duncan Brown and
                  Christopher M. Biwer and
                  Josh Willis and
                  Tito Dal Canton and
                  Larne Pekowsky and
                  Thomas Dent and
                  Collin Capano and
                  Andrew R. Williamson and
                  Soumi De and
                  Miriam Cabero and
                  Bernd Machenschalk and
                  Prayush Kumar and
                  Steven Reyes and
                  Thomas Massinger and
                  Amber Lenon and
                  Stephen Fairhurst and
                  Alex Nielsen and
                  Duncan Macleod and
                  shasvath and
                  Francesco Pannarale and
                  Leo Singer and
                  Stanislav Babak and
                  Hunter Gabbard and
                  dfinstad and
                  John Veitch and
                  CBC Sugar and
                  Sebastian Khan and
                  Lorena Magaña Zertuche},
  title        = {ligo-cbc/pycbc: Post-O2 Release 8},
  month        = mar,
  year         = 2018,
  doi          = {10.5281/zenodo.1208115},
  url          = {https://doi.org/10.5281/zenodo.1208115}
}

@Article{Hunter:2007,
  Author    = {Hunter, J. D.},
  Title     = {Matplotlib: A 2D graphics environment},
  Journal   = {Computing In Science \& Engineering},
  Volume    = {9},
  Number    = {3},
  Pages     = {90--95},
  abstract  = {Matplotlib is a 2D graphics package used for Python
  for application development, interactive scripting, and
  publication-quality image generation across user
  interfaces and operating systems.},
  publisher = {IEEE COMPUTER SOC},
  doi       = {10.1109/MCSE.2007.55},
  year      = 2007
}

@article{Most:2018eaw,
      author         = "Most, Elias R. and Papenfort, L. Jens and Dexheimer,
                        Veronica and Hanauske, Matthias and Schramm, Stefan and
                        Stöcker, Horst and Rezzolla, Luciano",
      title          = "{Signatures of quark-hadron phase transitions in
                        general-relativistic neutron-star mergers}",
      year           = "2018",
      eprint         = "1807.03684",
      archivePrefix  = "arXiv",
      primaryClass   = "astro-ph.HE",
      SLACcitation   = "%%CITATION = ARXIV:1807.03684;%%"
}

@article{Raithel:2018ncd,
      author         = "Raithel, Carolyn and Özel, Feryal and Psaltis,
                        Dimitrios",
      title          = "{Tidal deformability from GW170817 as a direct probe of
                        the neutron star radius}",
      journal        = "Astrophys. J.",
      volume         = "857",
      year           = "2018",
      number         = "2",
      pages          = "L23",
      doi            = "10.3847/2041-8213/aabcbf",
      eprint         = "1803.07687",
      archivePrefix  = "arXiv",
      primaryClass   = "astro-ph.HE",
      SLACcitation   = "%%CITATION = ARXIV:1803.07687;%%"
}

@article{Tews:2018iwm,
      author         = "Tews, I. and Margueron, J. and Reddy, S.",
      title          = "{How well does GW170817 constrain the equation of state
                        of dense matter?}",
      year           = "2018",
      eprint         = "1804.02783",
      archivePrefix  = "arXiv",
      primaryClass   = "nucl-th",
      reportNumber   = "INT-PUB-18-014",
      SLACcitation   = "%%CITATION = ARXIV:1804.02783;%%"
}

@article{Peters:1963ux,
      author         = "Peters, P. C. and Mathews, J.",
      title          = "{Gravitational radiation from point masses in a Keplerian
                        orbit}",
      journal        = "Phys. Rev.",
      volume         = "131",
      year           = "1963",
      pages          = "435-439",
      doi            = "10.1103/PhysRev.131.435",
      SLACcitation   = "%%CITATION = PHRVA,131,435;%%"
}

@article{Blanchet:2013haa,
      author         = "Blanchet, Luc",
      title          = "{Gravitational Radiation from Post-Newtonian Sources and
                        Inspiralling Compact Binaries}",
      journal        = "Living Rev. Rel.",
      volume         = "17",
      year           = "2014",
      pages          = "2",
      doi            = "10.12942/lrr-2014-2",
      eprint         = "1310.1528",
      archivePrefix  = "arXiv",
      primaryClass   = "gr-qc",
      SLACcitation   = "%%CITATION = ARXIV:1310.1528;%%"
}

@article{Flanagan:2007ix,
      author         = "Flanagan, Eanna E. and Hinderer, Tanja",
      title          = "{Constraining neutron star tidal Love numbers with
                        gravitational wave detectors}",
      journal        = "Phys. Rev.",
      volume         = "D77",
      year           = "2008",
      pages          = "021502",
      doi            = "10.1103/PhysRevD.77.021502",
      eprint         = "0709.1915",
      archivePrefix  = "arXiv",
      primaryClass   = "astro-ph",
      SLACcitation   = "%%CITATION = ARXIV:0709.1915;%%"
}

@article{Blanchet:1995ez,
      author         = "Blanchet, Luc and Damour, Thibault and Iyer, Bala R. and
                        Will, Clifford M. and Wiseman, Alan.G.",
      title          = "{Gravitational radiation damping of compact binary
                        systems to second postNewtonian order}",
      journal        = "Phys. Rev. Lett.",
      volume         = "74",
      year           = "1995",
      pages          = "3515-3518",
      doi            = "10.1103/PhysRevLett.74.3515",
      eprint         = "gr-qc/9501027",
      archivePrefix  = "arXiv",
      primaryClass   = "gr-qc",
      SLACcitation   = "%%CITATION = GR-QC/9501027;%%"
}

@article{Blanchet:2004ek,
      author         = "Blanchet, Luc and Damour, Thibault and Esposito-Farese,
                        Gilles and Iyer, Bala R.",
      title          = "{Gravitational radiation from inspiralling compact
                        binaries completed at the third post-Newtonian order}",
      journal        = "Phys. Rev. Lett.",
      volume         = "93",
      year           = "2004",
      pages          = "091101",
      doi            = "10.1103/PhysRevLett.93.091101",
      eprint         = "gr-qc/0406012",
      archivePrefix  = "arXiv",
      primaryClass   = "gr-qc",
      SLACcitation   = "%%CITATION = GR-QC/0406012;%%"
}

@article{Kidder:1992fr,
      author         = "Kidder, Lawrence E. and Will, Clifford M. and Wiseman,
                        Alan G.",
      title          = "{Spin effects in the inspiral of coalescing compact
                        binaries}",
      journal        = "Phys. Rev.",
      volume         = "D47",
      year           = "1993",
      number         = "10",
      pages          = "R4183-R4187",
      doi            = "10.1103/PhysRevD.47.R4183",
      eprint         = "gr-qc/9211025",
      archivePrefix  = "arXiv",
      primaryClass   = "gr-qc",
      reportNumber   = "PRINT-92-0520",
      SLACcitation   = "%%CITATION = GR-QC/9211025;%%"
}

@article{Marsat:2013caa,
      author         = "Marsat, Sylvain and Bohé, Alejandro and Blanchet, Luc
                        and Buonanno, Alessandra",
      title          = "{Next-to-leading tail-induced spin–orbit effects in the
                        gravitational radiation flux of compact binaries}",
      journal        = "Class. Quant. Grav.",
      volume         = "31",
      year           = "2014",
      pages          = "025023",
      doi            = "10.1088/0264-9381/31/2/025023",
      eprint         = "1307.6793",
      archivePrefix  = "arXiv",
      primaryClass   = "gr-qc",
      SLACcitation   = "%%CITATION = ARXIV:1307.6793;%%"
}

@article{DelPozzo:2013ala,
      author         = "Del Pozzo, Walter and Li, Tjonnie G. F. and Agathos,
                        Michalis and Van Den Broeck, Chris and Vitale, Salvatore",
      title          = "{Demonstrating the feasibility of probing the neutron
                        star equation of state with second-generation
                        gravitational wave detectors}",
      journal        = "Phys. Rev. Lett.",
      volume         = "111",
      year           = "2013",
      number         = "7",
      pages          = "071101",
      doi            = "10.1103/PhysRevLett.111.071101",
      eprint         = "1307.8338",
      archivePrefix  = "arXiv",
      primaryClass   = "gr-qc",
      SLACcitation   = "%%CITATION = ARXIV:1307.8338;%%"
}

@article{Sathyaprakash:1991mt,
      author         = "Sathyaprakash, B. S. and Dhurandhar, S. V.",
      title          = "{Choice of filters for the detection of gravitational
                        waves from coalescing binaries}",
      journal        = "Phys. Rev.",
      volume         = "D44",
      year           = "1991",
      pages          = "3819-3834",
      doi            = "10.1103/PhysRevD.44.3819",
      SLACcitation   = "%%CITATION = PHRVA,D44,3819;%%"
}

@article{Lindblom:2008cm,
      author         = "Lindblom, Lee and Owen, Benjamin J. and Brown, Duncan A.",
      title          = "{Model Waveform Accuracy Standards for Gravitational Wave
                        Data Analysis}",
      journal        = "Phys. Rev.",
      volume         = "D78",
      year           = "2008",
      pages          = "124020",
      doi            = "10.1103/PhysRevD.78.124020",
      eprint         = "0809.3844",
      archivePrefix  = "arXiv",
      primaryClass   = "gr-qc",
      SLACcitation   = "%%CITATION = ARXIV:0809.3844;%%"
}

@article{Finn:2000hj,
      author         = "Finn, Lee Samuel",
      title          = "{Aperture synthesis for gravitational wave data analysis:
                        Deterministic sources}",
      journal        = "Phys. Rev.",
      volume         = "D63",
      year           = "2001",
      pages          = "102001",
      doi            = "10.1103/PhysRevD.63.102001",
      eprint         = "gr-qc/0010033",
      archivePrefix  = "arXiv",
      primaryClass   = "gr-qc",
      SLACcitation   = "%%CITATION = GR-QC/0010033;%%"
}

@article{Rover:2006bb,
      author         = "Rover, Christian and Meyer, Renate and Christensen,
                        Nelson",
      title          = "{Coherent Bayesian inference on compact binary inspirals
                        using a network of interferometric gravitational wave
                        detectors}",
      journal        = "Phys. Rev.",
      volume         = "D75",
      year           = "2007",
      pages          = "062004",
      doi            = "10.1103/PhysRevD.75.062004",
      eprint         = "gr-qc/0609131",
      archivePrefix  = "arXiv",
      primaryClass   = "gr-qc",
      SLACcitation   = "%%CITATION = GR-QC/0609131;%%"
}

@misc{De:data,
      author         = "De, Soumi and Finstad, Daniel and Lattimer, James M. and
                        Brown, Duncan A. and Berger, Edo and Biwer, Christopher
                        M.",
      title          = "{Constraining the nuclear equation of state with
                        GW170817: Data Release}",
      year           = "2018",
url = {https://github.com/sugwg/gw170817-common-eos}
}

@article{scott1979optimal,
  title={On optimal and data-based histograms},
  author={Scott, David W},
  journal={Biometrika},
  volume={66},
  number={3},
  pages={605--610},
  year={1979},
  publisher={Oxford University Press}
}

@article{Freedman1981,
author="Freedman, David
and Diaconis, Persi",
title="On the histogram as a density estimator:L2 theory",
journal="Zeitschrift f{\"u}r Wahrscheinlichkeitstheorie und Verwandte Gebiete",
year="1981",
month="Dec",
day="01",
volume="57",
number="4",
pages="453--476",
issn="1432-2064",
doi="10.1007/BF01025868",
url="https://doi.org/10.1007/BF01025868"
}

@article{10.1093/biomet/66.3.605,
    author = {SCOTT, DAVID W.},
    title = "{On optimal and data-based histograms}",
    journal = {Biometrika},
    volume = {66},
    number = {3},
    pages = {605-610},
    year = {1979},
    month = {12},
    issn = {0006-3444},
    doi = {10.1093/biomet/66.3.605},
    url = {https://doi.org/10.1093/biomet/66.3.605},
    eprint = {http://oup.prod.sis.lan/biomet/article-pdf/66/3/605/632347/66-3-605.pdf},
}

@article{edwards1963bayesian,
  title={Bayesian statistical inference for psychological research.},
  author={Edwards, Ward and Lindman, Harold and Savage, Leonard J},
  journal={Psychological review},
  volume={70},
  number={3},
  pages={193},
  year={1963},
  publisher={American Psychological Association}
}

@article{dickey1971weighted,
  title={The weighted likelihood ratio, linear hypotheses on normal location parameters},
  author={Dickey, James M},
  journal={The Annals of Mathematical Statistics},
  pages={204--223},
  year={1971},
  publisher={JSTOR}
}

@article{verdinelli1995computing,
  title={Computing Bayes factors using a generalization of the Savage-Dickey density ratio},
  author={Verdinelli, Isabella and Wasserman, Larry},
  journal={Journal of the American Statistical Association},
  volume={90},
  number={430},
  pages={614--618},
  year={1995},
  publisher={Taylor \& Francis Group}
}

@article{wagenmakers2010bayesian,
  title={Bayesian hypothesis testing for psychologists: A tutorial on the Savage--Dickey method},
  author={Wagenmakers, Eric-Jan and Lodewyckx, Tom and Kuriyal, Himanshu and Grasman, Raoul},
  journal={Cognitive psychology},
  volume={60},
  number={3},
  pages={158--189},
  year={2010},
  publisher={Elsevier}
}

@article{kooperberg1992logspline,
  title={Logspline density estimation for censored data},
  author={Kooperberg, Charles and Stone, Charles J},
  journal={Journal of Computational and Graphical Statistics},
  volume={1},
  number={4},
  pages={301--328},
  year={1992},
  publisher={Taylor \& Francis Group}
}

@article{stone1997polynomial,
  title={Polynomial splines and their tensor products in extended linear modeling: 1994 Wald memorial lecture},
  author={Stone, Charles J and Hansen, Mark H and Kooperberg, Charles and Truong, Young K and others},
  journal={The Annals of Statistics},
  volume={25},
  number={4},
  pages={1371--1470},
  year={1997},
  publisher={Institute of Mathematical Statistics}
}

@article{schwarz1978estimating,
  title={Estimating the dimension of a model},
  author={Schwarz, Gideon and others},
  journal={The annals of statistics},
  volume={6},
  number={2},
  pages={461--464},
  year={1978},
  publisher={Institute of Mathematical Statistics}
}

@article{tierney1986accurate,
  title={Accurate approximations for posterior moments and marginal densities},
  author={Tierney, Luke and Kadane, Joseph B},
  journal={Journal of the american statistical association},
  volume={81},
  number={393},
  pages={82--86},
  year={1986},
  publisher={Taylor \& Francis}
}



@article{akaike1981likelihood,
  title={Likelihood of a model and information criteria},
  author={Akaike, Hirotugu},
  journal={Journal of econometrics},
  volume={16},
  number={1},
  pages={3--14},
  year={1981},
  publisher={Elsevier}
}

@article{lewis2015getdist,
  title={GetDist: Kernel density estimation},
  author={Lewis, Antony},
  journal={Available from download at https://cosmologist.info/notes/GetDist.pdf},
  year={2015}
}

@article{de2011free,
  title={Free energy calculations of protein--ligand interactions},
  author={de Ruiter, Anita and Oostenbrink, Chris},
  journal={Current opinion in chemical biology},
  volume={15},
  number={4},
  pages={547--552},
  year={2011},
  publisher={Elsevier}
}

@article{de2013comparison,
  title={Comparison of thermodynamic integration and Bennett acceptance ratio for calculating relative protein-ligand binding free energies},
  author={de Ruiter, Anita and Boresch, Stefan and Oostenbrink, Chris},
  journal={Journal of computational chemistry},
  volume={34},
  number={12},
  pages={1024--1034},
  year={2013},
  publisher={Wiley Online Library}
}

@article{annis2019thermodynamic,
  title={Thermodynamic integration and steppingstone sampling methods for estimating Bayes factors: A tutorial},
  author={Annis, Jeffrey and Evans, Nathan J and Miller, Brent J and Palmeri, Thomas J},
  journal={Journal of mathematical psychology},
  volume={89},
  pages={67--86},
  year={2019},
  publisher={Elsevier}
}

@article{friel2008marginal,
  title={Marginal likelihood estimation via power posteriors},
  author={Friel, Nial and Pettitt, Anthony N},
  journal={Journal of the Royal Statistical Society: Series B (Statistical Methodology)},
  volume={70},
  number={3},
  pages={589--607},
  year={2008},
  publisher={Wiley Online Library}
}

@article{friel2014improving,
  title={Improving power posterior estimation of statistical evidence},
  author={Friel, Nial and Hurn, Merrilee and Wyse, Jason},
  journal={Statistics and Computing},
  volume={24},
  number={5},
  pages={709--723},
  year={2014},
  publisher={Springer}
}

@article{calderhead2009estimating,
  title={Estimating Bayes factors via thermodynamic integration and population MCMC},
  author={Calderhead, Ben and Girolami, Mark},
  journal={Computational Statistics \& Data Analysis},
  volume={53},
  number={12},
  pages={4028--4045},
  year={2009},
  publisher={Elsevier}
}

@article{oates2017control,
  title={Control functionals for Monte Carlo integration},
  author={Oates, Chris J and Girolami, Mark and Chopin, Nicolas},
  journal={Journal of the Royal Statistical Society: Series B (Statistical Methodology)},
  volume={79},
  number={3},
  pages={695--718},
  year={2017},
  publisher={Wiley Online Library}
}

@article{briol2015probabilistic,
  title={Probabilistic integration: A role for statisticians in numerical analysis},
  author={Briol, Fran{\c{c}}ois-Xavier and Oates, Chris J and Girolami, Mark and Osborne, Michael A and Sejdinovic, Dino},
  journal={arXiv preprint arXiv:1512.00933},
  volume={1293},
  year={2015},
  publisher={Tech. Rep}
}

@article{schutz2011networks,
  title={Networks of gravitational wave detectors and three figures of merit},
  author={Schutz, Bernard F},
  journal={Classical and Quantum Gravity},
  volume={28},
  number={12},
  pages={125023},
  year={2011},
  publisher={IOP Publishing}
}

@article{chen2014loudest,
  title={The loudest gravitational wave events},
  author={Chen, Hsin-Yu and Holz, Daniel E},
  journal={arXiv preprint arXiv:1409.0522},
  year={2014}
}

@inproceedings{carlson2016partition,
  title={Partition functions from Rao-Blackwellized tempered sampling},
  author={Carlson, David and Stinson, Patrick and Pakman, Ari and Paninski, Liam},
  booktitle={International Conference on Machine Learning},
  pages={2896--2905},
  year={2016}
}

@article{evans2019thermodynamic,
  title={Thermodynamic integration via differential evolution: A method for estimating marginal likelihoods},
  author={Evans, Nathan J and Annis, Jeffrey},
  journal={Behavior research methods},
  volume={51},
  number={2},
  pages={930--947},
  year={2019},
  publisher={Springer}
}

@article{lefebvre2010path,
  title={A path sampling identity for computing the Kullback--Leibler and J divergences},
  author={Lefebvre, Genevi{\`e}ve and Steele, Russell and Vandal, Alain C},
  journal={Computational Statistics \& Data Analysis},
  volume={54},
  number={7},
  pages={1719--1731},
  year={2010},
  publisher={Elsevier}
}

@book{jeffreys1998theory,
  title={The theory of probability},
  author={Jeffreys, Harold},
  year={1998},
  publisher={OUP Oxford}
}

@article{kullback1951information,
  title={On information and sufficiency},
  author={Kullback, Solomon and Leibler, Richard A},
  journal={The annals of mathematical statistics},
  volume={22},
  number={1},
  pages={79--86},
  year={1951},
  publisher={JSTOR}
}

@article{xie2010improving,
  title={Improving marginal likelihood estimation for Bayesian phylogenetic model selection},
  author={Xie, Wangang and Lewis, Paul O and Fan, Yu and Kuo, Lynn and Chen, Ming-Hui},
  journal={Systematic biology},
  volume={60},
  number={2},
  pages={150--160},
  year={2010},
  publisher={Oxford University Press}
}

@article{veitch2015parameter,
  title={Parameter estimation for compact binaries with ground-based gravitational-wave observations using the LALInference software library},
  author={Veitch, John and Raymond, Vivien and Farr, Benjamin and Farr, W and Graff, Philip and Vitale, Salvatore and Aylott, Ben and Blackburn, Kent and Christensen, Nelson and Coughlin, Michael and others},
  journal={Physical Review D},
  volume={91},
  number={4},
  pages={042003},
  year={2015},
  publisher={APS}
}

@article{Russel:2018pqv,
      author         = "Maturana Russel, Patricio and Meyer, Renate and Veitch,
                        John and Christensen, Nelson",
      title          = "{The stepping-stone sampling algorithm for calculating
                        the evidence of gravitational wave models}",
      year           = "2018",
      eprint         = "1810.04488",
      archivePrefix  = "arXiv",
      primaryClass   = "physics.data-an",
      reportNumber   = "LIGO Document Number P1800299",
      SLACcitation   = "%%CITATION = ARXIV:1810.04488;%%"
}

@article{kass1995bayes,
  title={Bayes factors},
  author={Kass, Robert E and Raftery, Adrian E},
  journal={Journal of the American Statistical Association},
  volume={90},
  number={430},
  pages={773--795},
  year={1995},
  publisher={Taylor \& Francis}
}

@article{newton1994approximate,
  title={Approximate Bayesian inference with the weighted likelihood bootstrap},
  author={Newton, Michael A and Raftery, Adrian E},
  journal={Journal of the Royal Statistical Society: Series B (Methodological)},
  volume={56},
  number={1},
  pages={3--26},
  year={1994},
  publisher={Wiley Online Library}
}

@article{abbott2019constraining,
  title={Constraining the p-mode--g-mode tidal instability with GW170817},
  author={Abbott, BP and Abbott, R and Abbott, TD and Acernese, F and Ackley, K and Adams, C and Adams, T and Addesso, P and Adhikari, RX and Adya, VB and others},
  journal={Physical review letters},
  volume={122},
  number={6},
  pages={061104},
  year={2019},
  publisher={APS}
}

@article{Essick:2018wvj,
      author         = "Essick, Reed and Weinberg, Nevin N.",
      title          = "{A Comparison of p-g Tidal Coupling Analyses}",
      year           = "2018",
      eprint         = "1809.00264",
      archivePrefix  = "arXiv",
      primaryClass   = "astro-ph.HE",
      SLACcitation   = "%%CITATION = ARXIV:1809.00264;%%"
}

@article{liu2016evaluating,
  title={Evaluating marginal likelihood with thermodynamic integration method and comparison with several other numerical methods},
  author={Liu, Peigui and Elshall, Ahmed S and Ye, Ming and Beerli, Peter and Zeng, Xiankui and Lu, Dan and Tao, Yuezan},
  journal={Water Resources Research},
  volume={52},
  number={2},
  pages={734--758},
  year={2016},
  publisher={Wiley Online Library}
}

@article{Weinberg:2018icl,
      author         = "Abbott, B. P. and others",
      title          = "{Constraining the $p$-Mode–$g$-Mode Tidal Instability
                        with GW170817}",
      collaboration  = "LIGO Scientific, Virgo",
      journal        = "Phys. Rev. Lett.",
      volume         = "122",
      year           = "2019",
      number         = "6",
      pages          = "061104",
      doi            = "10.1103/PhysRevLett.122.061104",
      eprint         = "1808.08676",
      archivePrefix  = "arXiv",
      primaryClass   = "astro-ph.HE",
      SLACcitation   = "%%CITATION = ARXIV:1808.08676;%%"
}

@article{Apostolatos:1995pj,
      author         = "Apostolatos, T. A.",
      title          = "{Search templates for gravitational waves from
                        precessing, inspiraling binaries}",
      journal        = "Phys. Rev.",
      volume         = "D52",
      year           = "1995",
      pages          = "605-620",
      doi            = "10.1103/PhysRevD.52.605",
      SLACcitation   = "%%CITATION = PHRVA,D52,605;%%"
}

@article{ligo2018gwtc,
  title={GWTC-1: a gravitational-wave transient catalog of compact binary mergers observed by LIGO and Virgo during the first and second observing runs},
  author={Abbott, BP and Abbott, R and Abbott, TD and Acernese, F and Ackley, K and Adams, C and Adams, T and Addesso, P and Adhikari, RX and Adya, VB and others},
  journal={arXiv preprint arXiv:1811.12907},
  year={2018}
}

@article{ligo2019model,
  title={Model comparison from LIGO-Virgo data on GW170817's binary components and consequences for the merger remnant},
  author={Abbott, BP and Abbott, R and Abbott, TD and Acernese, F and Ackley, K and Adams, C and Adams, T and Addesso, P and Adhikari, RX and Adya, VB and others},
  journal={arXiv preprint arXiv:1908.01012},
  year={2019}
}

@book{maggiore2008gravitational,
  title={Gravitational waves: Volume 1: Theory and experiments},
  author={Maggiore, Michele},
  volume={1},
  year={2008},
  publisher={Oxford university press}
}

@article{selmer1958numerical,
  title={Numerical integration by non-equidistant ordinates},
  author={Selmer, Ernts S.},
  journal={Nordisk Matematisk Tidskrift},
  pages={97--108},
  year={1958},
  publisher={JSTOR}
}

@article{brun1953generalization,
  title={A generalization of the formula of Simpson for non-equidistant ordinates},
  author={Brun, Viggo},
  journal={Nordisk Matematisk Tidskrift},
  volume={1},
  number={1},
  pages={10--15},
  year={1953},
  publisher={JSTOR}
}

@article{chambers1989estimating,
  title={Estimating pit excavation volume using unequal intervals},
  author={Chambers, Daniel W},
  journal={Journal of Surveying Engineering},
  volume={115},
  number={4},
  pages={390--401},
  year={1989},
  publisher={American Society of Civil Engineers}
}

@article{epperson1987runge,
  title={On the Runge example},
  author={Epperson, James F},
  journal={The American Mathematical Monthly},
  volume={94},
  number={4},
  pages={329--341},
  year={1987},
  publisher={Taylor \& Francis}
}

@book{hogg2005introduction,
  title={Introduction to mathematical statistics},
  author={Hogg, Robert V and McKean, Joseph and Craig, Allen T},
  year={2005},
  publisher={Pearson Education}
}

@article{easa1988area,
  title={Area of irregular region with unequal intervals},
  author={Easa, Said M},
  journal={Journal of Surveying Engineering},
  volume={114},
  number={2},
  pages={50--58},
  year={1988},
  publisher={American Society of Civil Engineers}
}

@misc{gradshteyn2015table,
  title={Table of Integrals, Series, and Products, 8th edn., ed. by D. Zwillinger},
  author={Gradshteyn, IS and Ryzhik, IM},
  year={2015},
  publisher={Elsevier Academic Press, Waltham, MA}
}

@article{press1992pade,
  title={Pad{\'e} approximants},
  author={Press, William H and Teukolsky, Saul A},
  journal={Computers in Physics},
  volume={6},
  number={1},
  pages={82--83},
  year={1992},
  publisher={AIP}
}

@article{diaconis1988bayesian,
  title={Bayesian numerical analysis},
  author={Diaconis, Persi},
  journal={Statistical decision theory and related topics IV},
  volume={1},
  pages={163--175},
  year={1988},
  publisher={Springer-Verlag New York}
}

@article{lamont2019correspondence,
  title={Correspondence between thermodynamics and inference},
  author={LaMont, Colin H and Wiggins, Paul A},
  journal={Physical Review E},
  volume={99},
  number={5},
  pages={052140},
  year={2019},
  publisher={APS}
}

@book{abramowitz1965handbook,
  title={Handbook of mathematical functions: with formulas, graphs, and mathematical tables},
  author={Abramowitz, Milton and Stegun, Irene A},
  volume={55},
  year={1965},
  publisher={Courier Corporation}
}

@book{kardar2007statistical,
  title={Statistical physics of particles},
  author={Kardar, Mehran},
  year={2007},
  publisher={Cambridge University Press}
}

@inproceedings{gunter2014sampling,
  title={Sampling for inference in probabilistic models with fast Bayesian quadrature},
  author={Gunter, Tom and Osborne, Michael A and Garnett, Roman and Hennig, Philipp and Roberts, Stephen J},
  booktitle={Advances in neural information processing systems},
  pages={2789--2797},
  year={2014}
}

@article{bromiley2003products,
  title={Products and convolutions of Gaussian probability density functions},
  author={Bromiley, Paul},
  journal={Tina-Vision Memo},
  volume={3},
  number={4},
  pages={1},
  year={2003}
}
