@article{Nitz:2018rgo,
      author         = "Nitz, Alexander H. and Dal Canton, Tito and Davis, Derek
                        and Reyes, Steven",
      title          = "{Rapid detection of gravitational waves from compact
                        binary mergers with PyCBC Live}",
      journal        = "Phys. Rev.",
      volume         = "D98",
      year           = "2018",
      number         = "2",
      pages          = "024050",
      doi            = "10.1103/PhysRevD.98.024050",
      eprint         = "1805.11174",
      archivePrefix  = "arXiv",
      primaryClass   = "gr-qc",
      reportNumber   = "LIGO-P1800139",
      SLACcitation   = "%%CITATION = ARXIV:1805.11174;%%"
}

@article{nitz20191,
  title={1-OGC: The first open gravitational-wave catalog of binary mergers from analysis of public Advanced LIGO data},
  author={Nitz, Alexander H and Capano, Collin and Nielsen, Alex B and Reyes, Steven and White, Rebecca and Brown, Duncan A and Krishnan, Badri},
  journal={The Astrophysical Journal},
  volume={872},
  number={2},
  pages={195},
  year={2019},
  publisher={IOP Publishing}
}

@article{Reyes:2018bee,
      author         = "Reyes, Steven and Brown, Duncan A.",
      title          = "{Constraints on non-linear tides due to $p$-$g$ mode
                        coupling from the neutron-star merger GW170817}",
      year           = "2018",
      eprint         = "1808.07013",
      archivePrefix  = "arXiv",
      primaryClass   = "astro-ph.HE",
      SLACcitation   = "%%CITATION = ARXIV:1808.07013;%%"
}
%%% contains utf-8, see: https://inspirehep.net/info/faq/general#utf8
%%% add \usepackage[utf8]{inputenc} to your latex preamble
%@article{Abbott:2017mem,
      author         = "Abbott, B. P. and others",
      title          = "{Constraints on cosmic strings using data from the first
                        Advanced LIGO observing run}",
      collaboration  = "Virgo, LIGO Scientific",
      journal        = "Phys. Rev.",
      volume         = "D97",
      year           = "2018",
      number         = "10",
      pages          = "102002",
      doi            = "10.1103/PhysRevD.97.102002",
      eprint         = "1712.01168",
      archivePrefix  = "arXiv",
      primaryClass   = "gr-qc",
      SLACcitation   = "%%CITATION = ARXIV:1712.01168;%%"
}
%@article{Abbott:2017muc,
      author         = "Abbott, Benjamin P. and others",
      title          = "{All-sky search for long-duration gravitational wave
                        transients in the first Advanced LIGO observing run}",
      collaboration  = "Virgo, LIGO Scientific",
      journal        = "Class. Quant. Grav.",
      volume         = "35",
      year           = "2018",
      number         = "6",
      pages          = "065009",
      doi            = "10.1088/1361-6382/aaab76",
      eprint         = "1711.06843",
      archivePrefix  = "arXiv",
      primaryClass   = "gr-qc",
      reportNumber   = "P1600277",
      SLACcitation   = "%%CITATION = ARXIV:1711.06843;%%"
}
%@article{Abbott:2017gyy,
      author         = "Abbott, B.. P.. and others",
      title          = "{GW170608: Observation of a 19-solar-mass Binary Black
                        Hole Coalescence}",
      collaboration  = "Virgo, LIGO Scientific",
      journal        = "Astrophys. J.",
      volume         = "851",
      year           = "2017",
      number         = "2",
      pages          = "L35",
      doi            = "10.3847/2041-8213/aa9f0c",
      eprint         = "1711.05578",
      archivePrefix  = "arXiv",
      primaryClass   = "astro-ph.HE",
      reportNumber   = "LIGO-DOCUMENT-P170608-V8",
      SLACcitation   = "%%CITATION = ARXIV:1711.05578;%%"
}
%@article{Abbott:2017dke,
      author         = "Abbott, B. P. and others",
      title          = "{Search for Post-merger Gravitational Waves from the
                        Remnant of the Binary Neutron Star Merger GW170817}",
      collaboration  = "Virgo, LIGO Scientific",
      journal        = "Astrophys. J.",
      volume         = "851",
      year           = "2017",
      number         = "1",
      pages          = "L16",
      doi            = "10.3847/2041-8213/aa9a35",
      eprint         = "1710.09320",
      archivePrefix  = "arXiv",
      primaryClass   = "astro-ph.HE",
      reportNumber   = "LIGO-P1700318",
      SLACcitation   = "%%CITATION = ARXIV:1710.09320;%%"
}
%%% contains utf-8, see: https://inspirehep.net/info/faq/general#utf8
%%% add \usepackage[utf8]{inputenc} to your latex preamble
%@incollection{Abbott:2017xlt,
      author         = "Abbott, B. P. and others",
      title          = "{Observation of Gravitational Waves from a Binary Black
                        Hole Merger}",
      editor         = "Vasconcellos, César Augusto Zen",
      booktitle      = "Centennial of General Relativity: A Celebration",
      collaboration  = "VIRGO, LIGO",
      year           = "2017",
      pages          = "291-311",
      doi            = "10.1142/9789814699662_0011",
      SLACcitation   = "%%CITATION = INSPIRE-1632064;%%"
}
%@article{Abbott:2017xzg,
      author         = "Abbott, Benjamin P. and others",
      title          = "{GW170817: Implications for the Stochastic
                        Gravitational-Wave Background from Compact Binary
                        Coalescences}",
      collaboration  = "Virgo, LIGO Scientific",
      journal        = "Phys. Rev. Lett.",
      volume         = "120",
      year           = "2018",
      number         = "9",
      pages          = "091101",
      doi            = "10.1103/PhysRevLett.120.091101",
      eprint         = "1710.05837",
      archivePrefix  = "arXiv",
      primaryClass   = "gr-qc",
      reportNumber   = "LIGO-P1700272",
      SLACcitation   = "%%CITATION = ARXIV:1710.05837;%%"
}
@article{ANTARES:2017bia,
      author         = "Albert, A. and others",
      title          = "{Search for High-energy Neutrinos from Binary Neutron
                        Star Merger GW170817 with ANTARES, IceCube, and the Pierre
                        Auger Observatory}",
      collaboration  = "Virgo, IceCube, Pierre Auger, ANTARES, LIGO Scientific",
      journal        = "Astrophys. J.",
      volume         = "850",
      year           = "2017",
      number         = "2",
      pages          = "L35",
      doi            = "10.3847/2041-8213/aa9aed",
      eprint         = "1710.05839",
      archivePrefix  = "arXiv",
      primaryClass   = "astro-ph.HE",
      reportNumber   = "LIGO-P1700344, FERMILAB-PUB-17-471-ND-TD",
      SLACcitation   = "%%CITATION = ARXIV:1710.05839;%%"
}
%@article{Abbott:2017ntl,
      author         = "Abbott, B. P. and others",
      title          = "{On the Progenitor of Binary Neutron Star Merger
                        GW170817}",
      collaboration  = "Virgo, LIGO Scientific",
      journal        = "Astrophys. J.",
      volume         = "850",
      year           = "2017",
      number         = "2",
      pages          = "L40",
      doi            = "10.3847/2041-8213/aa93fc",
      eprint         = "1710.05838",
      archivePrefix  = "arXiv",
      primaryClass   = "astro-ph.HE",
      reportNumber   = "LIGO-P1700264",
      SLACcitation   = "%%CITATION = ARXIV:1710.05838;%%"
}

%%% contains utf-8, see: https://inspirehep.net/info/faq/general#utf8
%%% add \usepackage[utf8]{inputenc} to your latex preamble

@article{Abbott:2017wuw,
      author         = "Abbott, B. P. and others",
      title          = "{Estimating the Contribution of Dynamical Ejecta in the
                        Kilonova Associated with GW170817}",
      collaboration  = "Virgo, LIGO Scientific",
      journal        = "Astrophys. J.",
      volume         = "850",
      year           = "2017",
      number         = "2",
      pages          = "L39",
      doi            = "10.3847/2041-8213/aa9478",
      eprint         = "1710.05836",
      archivePrefix  = "arXiv",
      primaryClass   = "astro-ph.HE",
      reportNumber   = "LIGO-P1700309",
      SLACcitation   = "%%CITATION = ARXIV:1710.05836;%%"
}
@article{Abbott:2017xzu,
      author         = "Abbott, B. P. and others",
      title          = "{A gravitational-wave standard siren measurement of the
                        Hubble constant}",
      collaboration  = "LIGO Scientific, VINROUGE, Las Cumbres Observatory, DES,
                        DLT40, Virgo, 1M2H, Dark Energy Camera GW-E, MASTER",
      journal        = "Nature",
      volume         = "551",
      year           = "2017",
      number         = "7678",
      pages          = "85-88",
      doi            = "10.1038/nature24471",
      eprint         = "1710.05835",
      archivePrefix  = "arXiv",
      primaryClass   = "astro-ph.CO",
      reportNumber   = "LIGO-P1700296, FERMILAB-PUB-17-472-A-AE",
      SLACcitation   = "%%CITATION = ARXIV:1710.05835;%%"
}
@article{Monitor:2017mdv,
      author         = "Abbott, B. P. and others",
      title          = "{Gravitational Waves and Gamma-rays from a Binary Neutron
                        Star Merger: GW170817 and GRB 170817A}",
      collaboration  = "Virgo, Fermi-GBM, INTEGRAL, LIGO Scientific",
      journal        = "Astrophys. J.",
      volume         = "848",
      year           = "2017",
      number         = "2",
      pages          = "L13",
      doi            = "10.3847/2041-8213/aa920c",
      eprint         = "1710.05834",
      archivePrefix  = "arXiv",
      primaryClass   = "astro-ph.HE",
      reportNumber   = "LIGO-P1700308",
      SLACcitation   = "%%CITATION = ARXIV:1710.05834;%%"
}
@article{GBM:2017lvd,
      author         = "Abbott, B. P. and others",
      title          = "{Multi-messenger Observations of a Binary Neutron Star
                        Merger}",
      collaboration  = "GROND, SALT Group, OzGrav, DFN, DES, INTEGRAL, Virgo,
                        Insight-Hxmt, MAXI Team, Fermi-LAT, J-GEM, RATIR, IceCube,
                        CAASTRO, LWA, ePESSTO, GRAWITA, RIMAS, SKA South
                        Africa/MeerKAT, H.E.S.S., 1M2H Team, IKI-GW Follow-up,
                        Fermi GBM, Pi of Sky, DWF (Deeper Wider Faster Program),
                        MASTER, AstroSat Cadmium Zinc Telluride Imager Team,
                        Swift, Pierre Auger, ASKAP, VINROUGE, JAGWAR, Chandra Team
                        at McGill University, TTU-NRAO, GROWTH, AGILE Team, MWA,
                        ATCA, AST3, TOROS, Pan-STARRS, NuSTAR, ATLAS Telescopes,
                        BOOTES, CaltechNRAO, LIGO Scientific, High Time Resolution
                        Universe Survey, Nordic Optical Telescope, Las Cumbres
                        Observatory Group, TZAC Consortium, LOFAR, IPN, DLT40,
                        Texas Tech University, HAWC, ANTARES, KU, Dark Energy
                        Camera GW-EM, CALET, Euro VLBI Team, ALMA",
      journal        = "Astrophys. J.",
      volume         = "848",
      year           = "2017",
      number         = "2",
      pages          = "L12",
      doi            = "10.3847/2041-8213/aa91c9",
      eprint         = "1710.05833",
      archivePrefix  = "arXiv",
      primaryClass   = "astro-ph.HE",
      reportNumber   = "LIGO-P1700294, VIR-0802A-17, FERMILAB-PUB-17-478-A-AE-CD",
      SLACcitation   = "%%CITATION = ARXIV:1710.05833;%%"
}

%%% contains utf-8, see: https://inspirehep.net/info/faq/general#utf8
%%% add \usepackage[utf8]{inputenc} to your latex preamble

@article{TheLIGOScientific:2017qsa,
      author         = "Abbott, B. P. and others",
      title          = "{GW170817: Observation of Gravitational Waves from a
                        Binary Neutron Star Inspiral}",
      collaboration  = "Virgo, LIGO Scientific",
      journal        = "Phys. Rev. Lett.",
      volume         = "119",
      year           = "2017",
      number         = "16",
      pages          = "161101",
      doi            = "10.1103/PhysRevLett.119.161101",
      eprint         = "1710.05832",
      archivePrefix  = "arXiv",
      primaryClass   = "gr-qc",
      reportNumber   = "LIGO-P170817",
      SLACcitation   = "%%CITATION = ARXIV:1710.05832;%%"
}
@article{Abbott:2017cvf,
      author         = "Abbott, Benjamin P. and others",
      title          = "{First narrow-band search for continuous gravitational
                        waves from known pulsars in advanced detector data}",
      collaboration  = "Virgo, LIGO Scientific",
      journal        = "Phys. Rev.",
      volume         = "D96",
      year           = "2017",
      number         = "12",
      pages          = "122006",
      doi            = "10.1103/PhysRevD.96.122006, 10.1103/PhysRevD.97.129903",
      note           = "[Erratum: Phys. Rev.D97,no.12,129903(2018)]",
      eprint         = "1710.02327",
      archivePrefix  = "arXiv",
      primaryClass   = "gr-qc",
      SLACcitation   = "%%CITATION = ARXIV:1710.02327;%%"
}

%%% contains utf-8, see: https://inspirehep.net/info/faq/general#utf8
%%% add \usepackage[utf8]{inputenc} to your latex preamble

@article{TheLIGOScientific:2017lwt,
      author         = "Abbott, B P and others",
      title          = "{Effects of data quality vetoes on a search for compact
                        binary coalescences in Advanced LIGO’s first observing
                        run}",
      collaboration  = "Virgo, LIGO Scientific",
      journal        = "Class. Quant. Grav.",
      volume         = "35",
      year           = "2018",
      number         = "6",
      pages          = "065010",
      doi            = "10.1088/1361-6382/aaaafa",
      eprint         = "1710.02185",
      archivePrefix  = "arXiv",
      primaryClass   = "gr-qc",
      SLACcitation   = "%%CITATION = ARXIV:1710.02185;%%"
}

@article{TheLIGOScientific:2016qqj,
      author         = "Abbott, B. P. and others",
      title          = "{GW150914: First results from the search for binary black
                        hole coalescence with Advanced LIGO}",
      collaboration  = "LIGO Scientific, Virgo",
      journal        = "Phys. Rev.",
      volume         = "D93",
      year           = "2016",
      number         = "12",
      pages          = "122003",
      doi            = "10.1103/PhysRevD.93.122003",
      eprint         = "1602.03839",
      archivePrefix  = "arXiv",
      primaryClass   = "gr-qc",
      reportNumber   = "LIGO-P1500269",
      SLACcitation   = "%%CITATION = ARXIV:1602.03839;%%"
}

@article{Abbott:2017oio,
      author         = "Abbott, B. P. and others",
      title          = "{GW170814: A Three-Detector Observation of Gravitational
                        Waves from a Binary Black Hole Coalescence}",
      collaboration  = "Virgo, LIGO Scientific",
      journal        = "Phys. Rev. Lett.",
      volume         = "119",
      year           = "2017",
      number         = "14",
      pages          = "141101",
      doi            = "10.1103/PhysRevLett.119.141101",
      eprint         = "1709.09660",
      archivePrefix  = "arXiv",
      primaryClass   = "gr-qc",
      SLACcitation   = "%%CITATION = ARXIV:1709.09660;%%"
}
@article{Abbott:2017tlp,
      author         = "Abbott, Benjamin P. and others",
      title          = "{First search for nontensorial gravitational waves from
                        known pulsars}",
      collaboration  = "Virgo, LIGO Scientific",
      journal        = "Phys. Rev. Lett.",
      volume         = "120",
      year           = "2018",
      number         = "3",
      pages          = "031104",
      doi            = "10.1103/PhysRevLett.120.031104",
      eprint         = "1709.09203",
      archivePrefix  = "arXiv",
      primaryClass   = "gr-qc",
      reportNumber   = "LIGO-P1700009",
      SLACcitation   = "%%CITATION = ARXIV:1709.09203;%%"
}
@article{Abbott:2017pqa,
      author         = "Abbott, Benjamin P. and others",
      title          = "{First low-frequency Einstein@Home all-sky search for
                        continuous gravitational waves in Advanced LIGO data}",
      collaboration  = "Virgo, LIGO Scientific",
      journal        = "Phys. Rev.",
      volume         = "D96",
      year           = "2017",
      number         = "12",
      pages          = "122004",
      doi            = "10.1103/PhysRevD.96.122004",
      eprint         = "1707.02669",
      archivePrefix  = "arXiv",
      primaryClass   = "gr-qc",
      SLACcitation   = "%%CITATION = ARXIV:1707.02669;%%"
}
@article{Abbott:2017mnu,
      author         = "Abbott, Benjamin P. and others",
      title          = "{All-sky Search for Periodic Gravitational Waves in the
                        O1 LIGO Data}",
      collaboration  = "Virgo, LIGO Scientific",
      journal        = "Phys. Rev.",
      volume         = "D96",
      year           = "2017",
      number         = "6",
      pages          = "062002",
      doi            = "10.1103/PhysRevD.96.062002",
      eprint         = "1707.02667",
      archivePrefix  = "arXiv",
      primaryClass   = "gr-qc",
      SLACcitation   = "%%CITATION = ARXIV:1707.02667;%%"
}
@article{Abbott:2017mwl,
      author         = "Abbott, B. P. and others",
      title          = "{Upper Limits on Gravitational Waves from Scorpius X-1
                        from a Model-Based Cross-Correlation Search in Advanced
                        LIGO Data}",
      collaboration  = "Virgo, LIGO Scientific",
      journal        = "Astrophys. J.",
      volume         = "847",
      year           = "2017",
      number         = "1",
      pages          = "47",
      doi            = "10.3847/1538-4357/aa86f0",
      eprint         = "1706.03119",
      archivePrefix  = "arXiv",
      primaryClass   = "astro-ph.HE",
      reportNumber   = "LIGO-P1600297-V17, LIGO-P1600297-V19, LIGO-P1600297-V24",
      SLACcitation   = "%%CITATION = ARXIV:1706.03119;%%"
}
@article{Abbott:2017vtc,
      author         = "Abbott, Benjamin P. and others",
      title          = "{GW170104: Observation of a 50-Solar-Mass Binary Black
                        Hole Coalescence at Redshift 0.2}",
      collaboration  = "VIRGO, LIGO Scientific",
      journal        = "Phys. Rev. Lett.",
      volume         = "118",
      year           = "2017",
      number         = "22",
      pages          = "221101",
      doi            = "10.1103/PhysRevLett.118.221101,
                        10.1103/PhysRevLett.121.129901",
      note           = "[Erratum: Phys. Rev. Lett.121,no.12,129901(2018)]",
      eprint         = "1706.01812",
      archivePrefix  = "arXiv",
      primaryClass   = "gr-qc",
      reportNumber   = "LIGO-P170104",
      SLACcitation   = "%%CITATION = ARXIV:1706.01812;%%"
}
@article{Abbott:2017iws,
      author         = "Abbott, Benjamin P. and others",
      title          = "{Search for intermediate mass black hole binaries in the
                        first observing run of Advanced LIGO}",
      collaboration  = "Virgo, LIGO Scientific",
      journal        = "Phys. Rev.",
      volume         = "D96",
      year           = "2017",
      number         = "2",
      pages          = "022001",
      doi            = "10.1103/PhysRevD.96.022001",
      eprint         = "1704.04628",
      archivePrefix  = "arXiv",
      primaryClass   = "gr-qc",
      SLACcitation   = "%%CITATION = ARXIV:1704.04628;%%"
}
@article{Abbott:2017hbu,
      author         = "Abbott, Benjamin P. and others",
      title          = "{Search for gravitational waves from Scorpius X-1 in the
                        first Advanced LIGO observing run with a hidden Markov
                        model}",
      collaboration  = "VIRGO, LIGO Scientific",
      journal        = "Phys. Rev.",
      volume         = "D95",
      year           = "2017",
      number         = "12",
      pages          = "122003",
      doi            = "10.1103/PhysRevD.95.122003",
      eprint         = "1704.03719",
      archivePrefix  = "arXiv",
      primaryClass   = "gr-qc",
      SLACcitation   = "%%CITATION = ARXIV:1704.03719;%%"
}
@article{ANTARES:2017iky,
      author         = "Albert, A. and others",
      title          = "{Search for High-energy Neutrinos from Gravitational Wave
                        Event GW151226 and Candidate LVT151012 with ANTARES and
                        IceCube}",
      collaboration  = "Virgo, IceCube, ANTARES, LIGO Scientific",
      journal        = "Phys. Rev.",
      volume         = "D96",
      year           = "2017",
      number         = "2",
      pages          = "022005",
      doi            = "10.1103/PhysRevD.96.022005",
      eprint         = "1703.06298",
      archivePrefix  = "arXiv",
      primaryClass   = "astro-ph.HE",
      SLACcitation   = "%%CITATION = ARXIV:1703.06298;%%"
}
@article{Abbott:2017ylp,
      author         = "Abbott, Benjamin P. and others",
      title          = "{First search for gravitational waves from known pulsars
                        with Advanced LIGO}",
      collaboration  = "Virgo, LIGO Scientific",
      journal        = "Astrophys. J.",
      volume         = "839",
      year           = "2017",
      number         = "1",
      pages          = "12",
      doi            = "10.3847/1538-4357/aa9aee, 10.3847/1538-4357/aa677f",
      note           = "[Erratum: Astrophys. J.851,no.1,71(2017)]",
      eprint         = "1701.07709",
      archivePrefix  = "arXiv",
      primaryClass   = "astro-ph.HE",
      reportNumber   = "LIGO-P1600159",
      SLACcitation   = "%%CITATION = ARXIV:1701.07709;%%"
}

%%% contains utf-8, see: https://inspirehep.net/info/faq/general#utf8
%%% add \usepackage[utf8]{inputenc} to your latex preamble

@article{TheLIGOScientific:2016xzw,
      author         = "Abbott, Benjamin P. and others",
      title          = "{Directional Limits on Persistent Gravitational Waves
                        from Advanced LIGO’s First Observing Run}",
      collaboration  = "Virgo, LIGO Scientific",
      journal        = "Phys. Rev. Lett.",
      volume         = "118",
      year           = "2017",
      number         = "12",
      pages          = "121102",
      doi            = "10.1103/PhysRevLett.118.121102",
      eprint         = "1612.02030",
      archivePrefix  = "arXiv",
      primaryClass   = "gr-qc",
      SLACcitation   = "%%CITATION = ARXIV:1612.02030;%%"
}

%%% contains utf-8, see: https://inspirehep.net/info/faq/general#utf8
%%% add \usepackage[utf8]{inputenc} to your latex preamble

@article{TheLIGOScientific:2016dpb,
      author         = "Abbott, Benjamin P. and others",
      title          = "{Upper Limits on the Stochastic Gravitational-Wave
                        Background from Advanced LIGO’s First Observing Run}",
      collaboration  = "Virgo, LIGO Scientific",
      journal        = "Phys. Rev. Lett.",
      volume         = "118",
      year           = "2017",
      number         = "12",
      pages          = "121101",
      doi            = "10.1103/PhysRevLett.118.121101,
                        10.1103/PhysRevLett.119.029901",
      note           = "[Erratum: Phys. Rev. Lett.119,no.2,029901(2017)]",
      eprint         = "1612.02029",
      archivePrefix  = "arXiv",
      primaryClass   = "gr-qc",
      SLACcitation   = "%%CITATION = ARXIV:1612.02029;%%"
}
@article{Abbott:2016cjt,
      author         = "Abbott, B. P. and others",
      title          = "{Search for Gravitational Waves Associated with Gamma-Ray
                        Bursts During the First Advanced LIGO Observing Run and
                        Implications for the Origin of GRB 150906B}",
      collaboration  = "Virgo, IPN, LIGO Scientific",
      journal        = "Astrophys. J.",
      volume         = "841",
      year           = "2017",
      number         = "2",
      pages          = "89",
      doi            = "10.3847/1538-4357/aa6c47",
      eprint         = "1611.07947",
      archivePrefix  = "arXiv",
      primaryClass   = "astro-ph.HE",
      reportNumber   = "P1600298",
      SLACcitation   = "%%CITATION = ARXIV:1611.07947;%%"
}
@article{Abbott:2016wiq,
      author         = "Abbott, Benjamin P. and others",
      title          = "{Effects of waveform model systematics on the
                        interpretation of GW150914}",
      collaboration  = "Virgo, LIGO Scientific",
      journal        = "Class. Quant. Grav.",
      volume         = "34",
      year           = "2017",
      number         = "10",
      pages          = "104002",
      doi            = "10.1088/1361-6382/aa6854",
      eprint         = "1611.07531",
      archivePrefix  = "arXiv",
      primaryClass   = "gr-qc",
      reportNumber   = "P1500259",
      SLACcitation   = "%%CITATION = ARXIV:1611.07531;%%"
}
@article{Abbott:2016ezn,
      author         = "Abbott, Benjamin P. and others",
      title          = "{All-sky search for short gravitational-wave bursts in
                        the first Advanced LIGO run}",
      collaboration  = "Virgo, LIGO Scientific",
      journal        = "Phys. Rev.",
      volume         = "D95",
      year           = "2017",
      number         = "4",
      pages          = "042003",
      doi            = "10.1103/PhysRevD.95.042003",
      eprint         = "1611.02972",
      archivePrefix  = "arXiv",
      primaryClass   = "gr-qc",
      SLACcitation   = "%%CITATION = ARXIV:1611.02972;%%"
}
@article{Abbott:2016bqf,
      author         = "Abbott, Benjamin P. and others",
      title          = "{The basic physics of the binary black hole merger
                        GW150914}",
      collaboration  = "Virgo, LIGO Scientific",
      journal        = "Annalen Phys.",
      volume         = "529",
      year           = "2017",
      number         = "1-2",
      pages          = "1600209",
      doi            = "10.1002/andp.201600209",
      eprint         = "1608.01940",
      archivePrefix  = "arXiv",
      primaryClass   = "gr-qc",
      SLACcitation   = "%%CITATION = ARXIV:1608.01940;%%"
}
@article{Evans:2016mbw,
      author         = "Abbott, Benjamin P. and others",
      title          = "{Exploring the Sensitivity of Next Generation
                        Gravitational Wave Detectors}",
      collaboration  = "LIGO Scientific",
      journal        = "Class. Quant. Grav.",
      volume         = "34",
      year           = "2017",
      number         = "4",
      pages          = "044001",
      doi            = "10.1088/1361-6382/aa51f4",
      eprint         = "1607.08697",
      archivePrefix  = "arXiv",
      primaryClass   = "astro-ph.IM",
      reportNumber   = "LIGO-P1600143",
      SLACcitation   = "%%CITATION = ARXIV:1607.08697;%%"
}

%%% contains utf-8, see: https://inspirehep.net/info/faq/general#utf8
%%% add \usepackage[utf8]{inputenc} to your latex preamble

@article{Abbott:2016ymx,
      author         = "Abbott, Benjamin P. and others",
      title          = "{Upper Limits on the Rates of Binary Neutron Star and
                        Neutron Star–black Hole Mergers From Advanced Ligo’s
                        First Observing run}",
      collaboration  = "Virgo, LIGO Scientific",
      journal        = "Astrophys. J.",
      volume         = "832",
      year           = "2016",
      number         = "2",
      pages          = "L21",
      doi            = "10.3847/2041-8205/832/2/L21",
      eprint         = "1607.07456",
      archivePrefix  = "arXiv",
      primaryClass   = "astro-ph.HE",
      SLACcitation   = "%%CITATION = ARXIV:1607.07456;%%"
}
@article{Abbott:2016tvg,
      author         = "Abbott, Thomas D. and others",
      title          = "{Search for continuous gravitational waves from neutron
                        stars in globular cluster NGC 6544}",
      collaboration  = "VIRGO, LIGO Scientific",
      journal        = "Phys. Rev.",
      volume         = "D95",
      year           = "2017",
      number         = "8",
      pages          = "082005",
      doi            = "10.1103/PhysRevD.95.082005",
      eprint         = "1607.02216",
      archivePrefix  = "arXiv",
      primaryClass   = "gr-qc",
      reportNumber   = "LIGO-P1500225",
      SLACcitation   = "%%CITATION = ARXIV:1607.02216;%%"
}
@article{TheLIGOScientific:2016uns,
      author         = "Abbott, Benjamin P. and others",
      title          = "{Results of the deepest all-sky survey for continuous
                        gravitational waves on LIGO S6 data running on the
                        Einstein@Home volunteer distributed computing project}",
      collaboration  = "Virgo, LIGO Scientific",
      journal        = "Phys. Rev.",
      volume         = "D94",
      year           = "2016",
      number         = "10",
      pages          = "102002",
      doi            = "10.1103/PhysRevD.94.102002",
      eprint         = "1606.09619",
      archivePrefix  = "arXiv",
      primaryClass   = "gr-qc",
      SLACcitation   = "%%CITATION = ARXIV:1606.09619;%%"
}
@article{TheLIGOScientific:2016pea,
      author         = "Abbott, B. P. and others",
      title          = "{Binary Black Hole Mergers in the first Advanced LIGO
                        Observing Run}",
      collaboration  = "Virgo, LIGO Scientific",
      journal        = "Phys. Rev.",
      volume         = "X6",
      year           = "2016",
      number         = "4",
      pages          = "041015",
      doi            = "10.1103/PhysRevX.6.041015, 10.1103/PhysRevX.8.039903",
      note           = "[erratum: Phys. Rev.X8,no.3,039903(2018)]",
      eprint         = "1606.04856",
      archivePrefix  = "arXiv",
      primaryClass   = "gr-qc",
      reportNumber   = "LIGO-P1600088",
      SLACcitation   = "%%CITATION = ARXIV:1606.04856;%%"
}
@article{Abbott:2016nmj,
      author         = "Abbott, B. P. and others",
      title          = "{GW151226: Observation of Gravitational Waves from a
                        22-Solar-Mass Binary Black Hole Coalescence}",
      collaboration  = "Virgo, LIGO Scientific",
      journal        = "Phys. Rev. Lett.",
      volume         = "116",
      year           = "2016",
      number         = "24",
      pages          = "241103",
      doi            = "10.1103/PhysRevLett.116.241103",
      eprint         = "1606.04855",
      archivePrefix  = "arXiv",
      primaryClass   = "gr-qc",
      reportNumber   = "LIGO-P151226",
      SLACcitation   = "%%CITATION = ARXIV:1606.04855;%%"
}
@article{Abbott:2016drs,
      author         = "Abbott, B. P. and others",
      title          = "{Supplement: The Rate of Binary Black Hole Mergers
                        Inferred from Advanced LIGO Observations Surrounding
                        GW150914}",
      collaboration  = "Virgo, LIGO Scientific",
      journal        = "Astrophys. J. Suppl.",
      volume         = "227",
      year           = "2016",
      number         = "2",
      pages          = "14",
      doi            = "10.3847/0067-0049/227/2/14",
      eprint         = "1606.03939",
      archivePrefix  = "arXiv",
      primaryClass   = "astro-ph.HE",
      reportNumber   = "LIGO-P1500217",
      SLACcitation   = "%%CITATION = ARXIV:1606.03939;%%"
}

%%% contains utf-8, see: https://inspirehep.net/info/faq/general#utf8
%%% add \usepackage[utf8]{inputenc} to your latex preamble

@article{Abbott:2016apu,
      author         = "Abbott, B. P. and others",
      title          = "{Directly comparing GW150914 with numerical solutions of
                        Einstein’s equations for binary black hole coalescence}",
      collaboration  = "Virgo, LIGO Scientific",
      journal        = "Phys. Rev.",
      volume         = "D94",
      year           = "2016",
      number         = "6",
      pages          = "064035",
      doi            = "10.1103/PhysRevD.94.064035",
      eprint         = "1606.01262",
      archivePrefix  = "arXiv",
      primaryClass   = "gr-qc",
      reportNumber   = "LIGO-P1500263",
      SLACcitation   = "%%CITATION = ARXIV:1606.01262;%%"
}
@article{Abbott:2016izl,
      author         = "Abbott, Thomas D. and others",
      title          = "{Improved analysis of GW150914 using a fully
                        spin-precessing waveform Model}",
      collaboration  = "Virgo, LIGO Scientific",
      journal        = "Phys. Rev.",
      volume         = "X6",
      year           = "2016",
      number         = "4",
      pages          = "041014",
      doi            = "10.1103/PhysRevX.6.041014",
      eprint         = "1606.01210",
      archivePrefix  = "arXiv",
      primaryClass   = "gr-qc",
      reportNumber   = "LIGO-P1600048",
      SLACcitation   = "%%CITATION = ARXIV:1606.01210;%%"
}
@article{Abbott:2016udd,
      author         = "Abbott, B. P. and others",
      title          = "{Comprehensive all-sky search for periodic gravitational
                        waves in the sixth science run LIGO data}",
      collaboration  = "Virgo, LIGO Scientific",
      journal        = "Phys. Rev.",
      volume         = "D94",
      year           = "2016",
      number         = "4",
      pages          = "042002",
      doi            = "10.1103/PhysRevD.94.042002",
      eprint         = "1605.03233",
      archivePrefix  = "arXiv",
      primaryClass   = "gr-qc",
      SLACcitation   = "%%CITATION = ARXIV:1605.03233;%%"
}
@article{Abbott:2016iqz,
      author         = "Abbott, B. P. and others",
      title          = "{Supplement: Localization and broadband follow-up of the
                        gravitational-wave transient GW150914}",
      collaboration  = "InterPlanetary Network, DES, INTEGRAL, La Silla-QUEST
                        Survey, MWA, Fermi-LAT, J-GEM, Zadko, GRAWITA, Pi of the
                        Sky, MASTER, Swift, iPTF, VISTA, ASKAP, SkyMapper, PESSTO,
                        TOROS, Pan-STARRS, Virgo, Algerian National Observatory,
                        Liverpool Telescope, BOOTES, LIGO Scientific, LOFAR,
                        TAROT, C2PU, MAXI, Fermi-GBM",
      journal        = "Astrophys. J. Suppl.",
      volume         = "225",
      year           = "2016",
      number         = "1",
      pages          = "8",
      doi            = "10.3847/0067-0049/225/1/8",
      eprint         = "1604.07864",
      archivePrefix  = "arXiv",
      primaryClass   = "astro-ph.HE",
      reportNumber   = "LIGO-P1600137-V1, FERMILAB-PUB-16-149-AE-E,
                        LIGO-P1600137-V2",
      SLACcitation   = "%%CITATION = ARXIV:1604.07864;%%"
}
@article{Abbott:2016gcq,
      author         = "Abbott, B. P. and others",
      title          = "{Localization and broadband follow-up of the
                        gravitational-wave transient GW150914}",
      collaboration  = "InterPlanetary Network, DES, INTEGRAL, La Silla-QUEST
                        Survey, MWA, Fermi-LAT, J-GEM, GRAWITA, Pi of the Sky,
                        Fermi GBM, MASTER, Swift, iPTF, VISTA, ASKAP, SkyMapper,
                        PESSTO, TOROS, Pan-STARRS, Virgo, Liverpool Telescope,
                        BOOTES, LIGO Scientific, LOFAR, C2PU, MAXI",
      journal        = "Astrophys. J.",
      volume         = "826",
      year           = "2016",
      number         = "1",
      pages          = "L13",
      doi            = "10.3847/2041-8205/826/1/L13",
      eprint         = "1602.08492",
      archivePrefix  = "arXiv",
      primaryClass   = "astro-ph.HE",
      reportNumber   = "LIGO-P1500227, LIGO-P1500227-V11,
                        FERMILAB-PUB-16-148-AE-E, LIGO-P1500227-V12",
      SLACcitation   = "%%CITATION = ARXIV:1602.08492;%%"
}
@article{Adrian-Martinez:2016xgn,
      author         = "Adrian-Martinez, S. and others",
      title          = "{High-energy Neutrino follow-up search of Gravitational
                        Wave Event GW150914 with ANTARES and IceCube}",
      collaboration  = "Virgo, IceCube, ANTARES, LIGO Scientific",
      journal        = "Phys. Rev.",
      volume         = "D93",
      year           = "2016",
      number         = "12",
      pages          = "122010",
      doi            = "10.1103/PhysRevD.93.122010",
      eprint         = "1602.05411",
      archivePrefix  = "arXiv",
      primaryClass   = "astro-ph.HE",
      SLACcitation   = "%%CITATION = ARXIV:1602.05411;%%"
}
@article{TheLIGOScientific:2016src,
      author         = "Abbott, B. P. and others",
      title          = "{Tests of general relativity with GW150914}",
      collaboration  = "Virgo, LIGO Scientific",
      journal        = "Phys. Rev. Lett.",
      volume         = "116",
      year           = "2016",
      number         = "22",
      pages          = "221101",
      doi            = "10.1103/PhysRevLett.116.221101,
                        10.1103/PhysRevLett.121.129902",
      note           = "[Erratum: Phys. Rev. Lett.121,no.12,129902(2018)]",
      eprint         = "1602.03841",
      archivePrefix  = "arXiv",
      primaryClass   = "gr-qc",
      reportNumber   = "LIGO-P1500213",
      SLACcitation   = "%%CITATION = ARXIV:1602.03841;%%"
}
@article{TheLIGOScientific:2016wyq,
      author         = "Abbott, B. P. and others",
      title          = "{GW150914: Implications for the stochastic gravitational
                        wave background from binary black holes}",
      collaboration  = "Virgo, LIGO Scientific",
      journal        = "Phys. Rev. Lett.",
      volume         = "116",
      year           = "2016",
      number         = "13",
      pages          = "131102",
      doi            = "10.1103/PhysRevLett.116.131102",
      eprint         = "1602.03847",
      archivePrefix  = "arXiv",
      primaryClass   = "gr-qc",
      reportNumber   = "LIGO-P1500222",
      SLACcitation   = "%%CITATION = ARXIV:1602.03847;%%"
}
@article{TheLIGOScientific:2016htt,
      author         = "Abbott, B. P. and others",
      title          = "{Astrophysical Implications of the Binary Black-Hole
                        Merger GW150914}",
      collaboration  = "Virgo, LIGO Scientific",
      journal        = "Astrophys. J.",
      volume         = "818",
      year           = "2016",
      number         = "2",
      pages          = "L22",
      doi            = "10.3847/2041-8205/818/2/L22",
      eprint         = "1602.03846",
      archivePrefix  = "arXiv",
      primaryClass   = "astro-ph.HE",
      reportNumber   = "LIGO-P1500262",
      SLACcitation   = "%%CITATION = ARXIV:1602.03846;%%"
}
@article{TheLIGOScientific:2016zmo,
      author         = "Abbott, B. P. and others",
      title          = "{Characterization of transient noise in Advanced LIGO
                        relevant to gravitational wave signal GW150914}",
      collaboration  = "Virgo, LIGO Scientific",
      journal        = "Class. Quant. Grav.",
      volume         = "33",
      year           = "2016",
      number         = "13",
      pages          = "134001",
      doi            = "10.1088/0264-9381/33/13/134001",
      eprint         = "1602.03844",
      archivePrefix  = "arXiv",
      primaryClass   = "gr-qc",
      SLACcitation   = "%%CITATION = ARXIV:1602.03844;%%"
}
@article{TheLIGOScientific:2016uux,
      author         = "Abbott, B. P. and others",
      title          = "{Observing gravitational-wave transient GW150914 with
                        minimal assumptions}",
      collaboration  = "Virgo, LIGO Scientific",
      journal        = "Phys. Rev.",
      volume         = "D93",
      year           = "2016",
      number         = "12",
      pages          = "122004",
      doi            = "10.1103/PhysRevD.94.069903, 10.1103/PhysRevD.93.122004",
      note           = "[Addendum: Phys. Rev.D94,no.6,069903(2016)]",
      eprint         = "1602.03843",
      archivePrefix  = "arXiv",
      primaryClass   = "gr-qc",
      SLACcitation   = "%%CITATION = ARXIV:1602.03843;%%"
}
@article{Abbott:2016nhf,
      author         = "Abbott, B. P. and others",
      title          = "{The Rate of Binary Black Hole Mergers Inferred from
                        Advanced LIGO Observations Surrounding GW150914}",
      collaboration  = "Virgo, LIGO Scientific",
      journal        = "Astrophys. J.",
      volume         = "833",
      year           = "2016",
      number         = "1",
      pages          = "L1",
      doi            = "10.3847/2041-8205/833/1/L1",
      eprint         = "1602.03842",
      archivePrefix  = "arXiv",
      primaryClass   = "astro-ph.HE",
      reportNumber   = "LIGO-P1500217",
      SLACcitation   = "%%CITATION = ARXIV:1602.03842;%%"
}
@article{TheLIGOScientific:2016wfe,
      author         = "Abbott, B. P. and others",
      title          = "{Properties of the Binary Black Hole Merger GW150914}",
      collaboration  = "Virgo, LIGO Scientific",
      journal        = "Phys. Rev. Lett.",
      volume         = "116",
      year           = "2016",
      number         = "24",
      pages          = "241102",
      doi            = "10.1103/PhysRevLett.116.241102",
      eprint         = "1602.03840",
      archivePrefix  = "arXiv",
      primaryClass   = "gr-qc",
      reportNumber   = "LIGO-P1500218",
      SLACcitation   = "%%CITATION = ARXIV:1602.03840;%%"
}
@article{TheLIGOScientific:2016qqj,
      author         = "Abbott, B. P. and others",
      title          = "{GW150914: First results from the search for binary black
                        hole coalescence with Advanced LIGO}",
      collaboration  = "Virgo, LIGO Scientific",
      journal        = "Phys. Rev.",
      volume         = "D93",
      year           = "2016",
      number         = "12",
      pages          = "122003",
      doi            = "10.1103/PhysRevD.93.122003",
      eprint         = "1602.03839",
      archivePrefix  = "arXiv",
      primaryClass   = "gr-qc",
      reportNumber   = "LIGO-P1500269",
      SLACcitation   = "%%CITATION = ARXIV:1602.03839;%%"
}
@article{TheLIGOScientific:2016agk,
      author         = "Abbott, B. P. and others",
      title          = "{GW150914: The Advanced LIGO Detectors in the Era of
                        First Discoveries}",
      collaboration  = "Virgo, LIGO Scientific",
      journal        = "Phys. Rev. Lett.",
      volume         = "116",
      year           = "2016",
      number         = "13",
      pages          = "131103",
      doi            = "10.1103/PhysRevLett.116.131103",
      eprint         = "1602.03838",
      archivePrefix  = "arXiv",
      primaryClass   = "gr-qc",
      reportNumber   = "LIGO-P1500237",
      SLACcitation   = "%%CITATION = ARXIV:1602.03838;%%"
}
@article{Abbott:2016blz,
      author         = "Abbott, B. P. and others",
      title          = "{Observation of Gravitational Waves from a Binary Black
                        Hole Merger}",
      collaboration  = "Virgo, LIGO Scientific",
      journal        = "Phys. Rev. Lett.",
      volume         = "116",
      year           = "2016",
      number         = "6",
      pages          = "061102",
      doi            = "10.1103/PhysRevLett.116.061102",
      eprint         = "1602.03837",
      archivePrefix  = "arXiv",
      primaryClass   = "gr-qc",
      reportNumber   = "LIGO-P150914",
      SLACcitation   = "%%CITATION = ARXIV:1602.03837;%%"
}
@article{Aasi:2013wya,
      author         = "Abbott, B. P. and others",
      title          = "{Prospects for Observing and Localizing
                        Gravitational-Wave Transients with Advanced LIGO, Advanced
                        Virgo and KAGRA}",
      collaboration  = "VIRGO, KAGRA, LIGO Scientific",
      journal        = "Living Rev. Rel.",
      volume         = "21",
      year           = "2018",
      number         = "1",
      pages          = "3",
      doi            = "10.1007/s41114-018-0012-9, 10.1007/lrr-2016-1",
      eprint         = "1304.0670",
      archivePrefix  = "arXiv",
      primaryClass   = "gr-qc",
      reportNumber   = "LIGO-P1200087, VIR-0288A-12",
      SLACcitation   = "%%CITATION = ARXIV:1304.0670;%%"
}
