@article{LIGOScientific:2020stg,
    author = "Abbott, R. and others",
    collaboration = "LIGO Scientific, Virgo",
    title = "{GW190412: Observation of a Binary-Black-Hole Coalescence with Asymmetric Masses}",
    eprint = "2004.08342",
    archivePrefix = "arXiv",
    primaryClass = "astro-ph.HE",
    reportNumber = "LIGO-P190412",
    month = "4",
    year = "2020"
}

@article{PhysRev.136.B1224,
  title = {Gravitational Radiation and the Motion of Two Point Masses},
  author = {Peters, P. C.},
  journal = {Phys. Rev.},
  volume = {136},
  issue = {4B},
  pages = {B1224--B1232},
  numpages = {0},
  year = {1964},
  month = {Nov},
  publisher = {American Physical Society},
  doi = {10.1103/PhysRev.136.B1224},
  url = {https://link.aps.org/doi/10.1103/PhysRev.136.B1224}
}

@article{Postnov:2014tza,
    author = "Postnov, Konstantin A. and Yungelson, Lev R.",
    title = "{The Evolution of Compact Binary Star Systems}",
    eprint = "1403.4754",
    archivePrefix = "arXiv",
    primaryClass = "astro-ph.HE",
    doi = "10.12942/lrr-2014-3",
    journal = "Living Rev. Rel.",
    volume = "17",
    pages = "3",
    year = "2014"
}

@ARTICLE{1977ApJ...212..832T,
       author = {{Thorne}, K.~S. and {Zytkow}, A.~N.},
        title = "{Stars with degenerate neutron cores. I. Structure of equilibrium models.}",
      journal = {\apj},
     keywords = {Late Stars, M Stars, Neutron Stars, Stellar Models, Stellar Structure, Supergiant Stars, Helium, Hydrogen, Relativity, Stellar Envelopes, Stellar Luminosity, Astrophysics},
         year = 1977,
        month = mar,
       volume = {212},
        pages = {832-858},
          doi = {10.1086/155109},
       adsurl = {https://ui.adsabs.harvard.edu/abs/1977ApJ...212..832T},
      adsnote = {Provided by the SAO/NASA Astrophysics Data System}
}

@ARTICLE{2014MNRAS.443L..94L,
       author = {{Levesque}, E.~M. and {Massey}, P. and {Zytkow}, A.~N. and {Morrell}, N.},
        title = "{Discovery of a Thorne-Zytkow object candidate in the Small Magellanic Cloud.}",
      journal = {\mnras},
     keywords = {stars: peculiar, supergiants, Astrophysics - Solar and Stellar Astrophysics},
         year = 2014,
        month = sep,
       volume = {443},
        pages = {L94-L98},
          doi = {10.1093/mnrasl/slu080},
archivePrefix = {arXiv},
       eprint = {1406.0001},
 primaryClass = {astro-ph.SR},
       adsurl = {https://ui.adsabs.harvard.edu/abs/2014MNRAS.443L..94L},
      adsnote = {Provided by the SAO/NASA Astrophysics Data System}
}

@ARTICLE{1983ApJ...268..368E,
       author = {{Eggleton}, P.~P.},
        title = "{Aproximations to the radii of Roche lobes.}",
      journal = {\apj},
     keywords = {Binary Stars, Celestial Mechanics, Orbital Elements, Roche Limit, Mass Ratios, Radii, Astrophysics},
         year = 1983,
        month = may,
       volume = {268},
        pages = {368-369},
          doi = {10.1086/160960},
       adsurl = {https://ui.adsabs.harvard.edu/abs/1983ApJ...268..368E},
      adsnote = {Provided by the SAO/NASA Astrophysics Data System}
}

@ARTICLE{1977ApJ...212..832T,
       author = {{Thorne}, K.~S. and {Zytkow}, A.~N.},
        title = "{Stars with degenerate neutron cores. I. Structure of equilibrium models.}",
      journal = {\apj},
     keywords = {Late Stars, M Stars, Neutron Stars, Stellar Models, Stellar Structure, Supergiant Stars, Helium, Hydrogen, Relativity, Stellar Envelopes, Stellar Luminosity, Astrophysics},
         year = 1977,
        month = mar,
       volume = {212},
        pages = {832-858},
          doi = {10.1086/155109},
       adsurl = {https://ui.adsabs.harvard.edu/abs/1977ApJ...212..832T},
      adsnote = {Provided by the SAO/NASA Astrophysics Data System}
}

@ARTICLE{2014MNRAS.443L..94L,
       author = {{Levesque}, E.~M. and {Massey}, P. and {Zytkow}, A.~N. and {Morrell}, N.},
        title = "{Discovery of a Thorne-Zytkow object candidate in the Small Magellanic Cloud.}",
      journal = {\mnras},
     keywords = {stars: peculiar, supergiants, Astrophysics - Solar and Stellar Astrophysics},
         year = 2014,
        month = sep,
       volume = {443},
        pages = {L94-L98},
          doi = {10.1093/mnrasl/slu080},
archivePrefix = {arXiv},
       eprint = {1406.0001},
 primaryClass = {astro-ph.SR},
       adsurl = {https://ui.adsabs.harvard.edu/abs/2014MNRAS.443L..94L},
      adsnote = {Provided by the SAO/NASA Astrophysics Data System}
}

@article{Bloom:2008ua,
    author = "Bloom, J.S. and others",
    title = "{Observations of the Naked-Eye GRB 080319B: Implications of Nature's Brightest Explosion}",
    eprint = "0803.3215",
    archivePrefix = "arXiv",
    primaryClass = "astro-ph",
    doi = "10.1088/0004-637X/691/1/723",
    journal = "Astrophys. J.",
    volume = "691",
    pages = "723--737",
    year = "2009"
}

@article{Metzger:2011bv,
    author = "Metzger, B.D. and Berger, E.",
    title = "{What is the Most Promising Electromagnetic Counterpart of a Neutron Star Binary Merger?}",
    eprint = "1108.6056",
    archivePrefix = "arXiv",
    primaryClass = "astro-ph.HE",
    doi = "10.1088/0004-637X/746/1/48",
    journal = "Astrophys. J.",
    volume = "746",
    pages = "48",
    year = "2012"
}

@article{Piran:2012wd,
    author = "Piran, Tsvi and Nakar, Ehud and Rosswog, Stephan",
    title = "{The Electromagnetic Signals of Compact Binary Mergers}",
    eprint = "1204.6242",
    archivePrefix = "arXiv",
    primaryClass = "astro-ph.HE",
    doi = "10.1093/mnras/stt037",
    journal = "Mon. Not. Roy. Astron. Soc.",
    volume = "430",
    number = "3",
    pages = "2121--2136",
    year = "2013"
}

@article{Rosswog:2015nja,
    author = "Rosswog, Stephan",
    title = "{The multi-messenger picture of compact binary mergers}",
    eprint = "1501.02081",
    archivePrefix = "arXiv",
    primaryClass = "astro-ph.HE",
    doi = "10.1142/S0218271815300128",
    journal = "Int. J. Mod. Phys. D",
    volume = "24",
    number = "05",
    pages = "1530012",
    year = "2015"
}

@article{Fernandez:2015use,
    author = "Fern√°ndez, Rodrigo and Metzger, Brian D.",
    title = "{Electromagnetic Signatures of Neutron Star Mergers in the Advanced LIGO Era}",
    eprint = "1512.05435",
    archivePrefix = "arXiv",
    primaryClass = "astro-ph.HE",
    doi = "10.1146/annurev-nucl-102115-044819",
    journal = "Ann. Rev. Nucl. Part. Sci.",
    volume = "66",
    pages = "23--45",
    year = "2016"
}

@ARTICLE{1986ApJ...308L..43P,
       author = {{Paczynski}, B.},
        title = "{Gamma-ray bursters at cosmological distances}",
      journal = {\apjl},
     keywords = {Astronomical Models, Cosmology, Distance, Gamma Ray Bursts, Gravitational Lenses, Black Body Radiation, Electron-Positron Plasmas, Galactic Radiation, Temporal Distribution, Astrophysics},
         year = 1986,
        month = sep,
       volume = {308},
        pages = {L43-L46},
          doi = {10.1086/184740},
       adsurl = {https://ui.adsabs.harvard.edu/abs/1986ApJ...308L..43P},
      adsnote = {Provided by the SAO/NASA Astrophysics Data System}
}

@article{Eichler:1989ve,
    author = "Eichler, David and Livio, Mario and Piran, Tsvi and Schramm, David N.",
    title = "{Nucleosynthesis, Neutrino Bursts and Gamma-Rays from Coalescing Neutron Stars}",
    reportNumber = "FERMILAB-PUB-89-102-A",
    doi = "10.1038/340126a0",
    journal = "Nature",
    volume = "340",
    pages = "126--128",
    year = "1989"
}

@article{Narayan:1992iy,
    author = "Narayan, Ramesh and Paczynski, Bohdan and Piran, Tsvi",
    title = "{Gamma-ray bursts as the death throes of massive binary stars}",
    eprint = "astro-ph/9204001",
    archivePrefix = "arXiv",
    reportNumber = "CFA-3396",
    doi = "10.1086/186493",
    journal = "Astrophys. J. Lett.",
    volume = "395",
    pages = "L83--L86",
    year = "1992"
}

@article{Nakar:2011,
author = {Nakar, Ehud and Piran, Tsvi},
year = {2011},
month = {09},
pages = {82-4},
title = {Detectable radio flares following gravitational waves from mergers of binary neutron stars},
volume = {478},
journal = {Nature},
doi = {10.1038/nature10365}
}

@article{Hotokezaka:2015eja,
    author = "Hotokezaka, Kenta and Piran, Tsvi",
    title = "{Mass ejection from neutron star mergers: different components and expected radio signals}",
    eprint = "1501.01986",
    archivePrefix = "arXiv",
    primaryClass = "astro-ph.HE",
    doi = "10.1093/mnras/stv620",
    journal = "Mon. Not. Roy. Astron. Soc.",
    volume = "450",
    pages = "1430--1440",
    year = "2015"
}

@article{Li:1998bw,
    author = "Li, Li-Xin and Paczynski, Bohdan",
    title = "{Transient events from neutron star mergers}",
    eprint = "astro-ph/9807272",
    archivePrefix = "arXiv",
    reportNumber = "POPE-772",
    doi = "10.1086/311680",
    journal = "Astrophys. J. Lett.",
    volume = "507",
    pages = "L59",
    year = "1998"
}

@ARTICLE{2010MNRAS.406.2650M,
       author = {{Metzger}, B.~D. and {Mart{\'\i}nez-Pinedo}, G. and {Darbha}, S. and
         {Quataert}, E. and {Arcones}, A. and {Kasen}, D. and {Thomas}, R. and
         {Nugent}, P. and {Panov}, I.~V. and {Zinner}, N.~T.},
        title = "{Electromagnetic counterparts of compact object mergers powered by the radioactive decay of r-process nuclei}",
      journal = {\mnras},
         year = 2010,
        month = aug,
       volume = {406},
       number = {4},
        pages = {2650-2662},
          doi = {10.1111/j.1365-2966.2010.16864.x},
archivePrefix = {arXiv},
       eprint = {1001.5029},
 primaryClass = {astro-ph.HE},
       adsurl = {https://ui.adsabs.harvard.edu/abs/2010MNRAS.406.2650M},
      adsnote = {Provided by the SAO/NASA Astrophysics Data System}
}

@ARTICLE{2011ApJ...736L..21R,
       author = {{Roberts}, L.~F. and {Kasen}, D. and {Lee}, W.~H. and {Ramirez-Ruiz}, E.},
        title = "{Electromagnetic Transients Powered by Nuclear Decay in the Tidal Tails of Coalescing Compact Binaries}",
      journal = {\apjl},
         year = 2011,
        month = jul,
       volume = {736},
       number = {1},
          eid = {L21},
        pages = {L21},
          doi = {10.1088/2041-8205/736/1/L21},
archivePrefix = {arXiv},
       eprint = {1104.5504},
 primaryClass = {astro-ph.HE},
       adsurl = {https://ui.adsabs.harvard.edu/abs/2011ApJ...736L..21R},
      adsnote = {Provided by the SAO/NASA Astrophysics Data System}
}

@ARTICLE{1974ApJ...192L.145L,
       author = {{Lattimer}, J.~M. and {Schramm}, D.~N.},
        title = "{Black-Hole-Neutron-Star Collisions}",
      journal = {\apjl},
         year = 1974,
        month = sep,
       volume = {192},
        pages = {L145},
          doi = {10.1086/181612},
       adsurl = {https://ui.adsabs.harvard.edu/abs/1974ApJ...192L.145L},
      adsnote = {Provided by the SAO/NASA Astrophysics Data System}
}

@ARTICLE{1982ApL....22..143S,
       author = {{Symbalisty}, E. and {Schramm}, D.~N.},
        title = "{Neutron Star Collisions and the r-Process}",
      journal = {\aplett},
     keywords = {Collisions, Neutron Stars, Nuclear Fusion, Stellar Evolution, Stellar Mass Ejection, Binary Stars, Supernovae, Astrophysics},
         year = 1982,
        month = jan,
       volume = {22},
        pages = {143},
       adsurl = {https://ui.adsabs.harvard.edu/abs/1982ApL....22..143S},
      adsnote = {Provided by the SAO/NASA Astrophysics Data System}
}

@article{GBM:2017lvd,
    author = "Abbott, B.P. and others",
    collaboration = "LIGO Scientific, Virgo, Fermi GBM, INTEGRAL, IceCube, AstroSat Cadmium Zinc Telluride Imager Team, IPN, Insight-Hxmt, ANTARES, Swift, AGILE Team, 1M2H Team, Dark Energy Camera GW-EM, DES, DLT40, GRAWITA, Fermi-LAT, ATCA, ASKAP, Las Cumbres Observatory Group, OzGrav, DWF (Deeper Wider Faster Program), AST3, CAASTRO, VINROUGE, MASTER, J-GEM, GROWTH, JAGWAR, CaltechNRAO, TTU-NRAO, NuSTAR, Pan-STARRS, MAXI Team, TZAC Consortium, KU, Nordic Optical Telescope, ePESSTO, GROND, Texas Tech University, SALT Group, TOROS, BOOTES, MWA, CALET, IKI-GW Follow-up, H.E.S.S., LOFAR, LWA, HAWC, Pierre Auger, ALMA, Euro VLBI Team, Pi of Sky, Chandra Team at McGill University, DFN, ATLAS Telescopes, High Time Resolution Universe Survey, RIMAS, RATIR, SKA South Africa/MeerKAT",
    title = "{Multi-messenger Observations of a Binary Neutron Star Merger}",
    eprint = "1710.05833",
    archivePrefix = "arXiv",
    primaryClass = "astro-ph.HE",
    reportNumber = "LIGO-P1700294, VIR-0802A-17, FERMILAB-PUB-17-478-A-AE-CD",
    doi = "10.3847/2041-8213/aa91c9",
    journal = "Astrophys. J. Lett.",
    volume = "848",
    number = "2",
    pages = "L12",
    year = "2017"
}

@article{Davies:1993zn,
    author = "Davies, M.B. and Benz, W. and Piran, T. and Thielemann, F.K.",
    title = "{Merging neutron stars. 1. Initial results for coalescence of noncorotating systems}",
    eprint = "astro-ph/9401032",
    archivePrefix = "arXiv",
    doi = "10.1086/174525",
    journal = "Astrophys. J.",
    volume = "431",
    pages = "742",
    year = "1994"
}

@article{Ruffert:1996by,
    author = "Ruffert, M. and Janka, H.T. and Takahashi, K. and Schaefer, Gerhard",
    title = "{Coalescing neutron stars: A Step towards physical models. 2. Neutrino emission, neutron tori, and gamma-ray bursts}",
    eprint = "astro-ph/9606181",
    archivePrefix = "arXiv",
    reportNumber = "MPA-957",
    journal = "Astron. Astrophys.",
    volume = "319",
    pages = "122--153",
    year = "1997"
}

@article{Rosswog:1998hy,
    author = "Rosswog, S. and Liebendoerfer, M. and Thielemann, F.K. and Davies, M.B. and Benz, W. and Piran, T.",
    title = "{Mass ejection in neutron star mergers}",
    eprint = "astro-ph/9811367",
    archivePrefix = "arXiv",
    journal = "Astron. Astrophys.",
    volume = "341",
    pages = "499--526",
    year = "1999"
}

@article{oechslin:2006,
    author = {Oechslin, R. and Janka, H.-T.},
    title = "{Torus formation in neutron star mergers and well-localized short gamma-ray bursts}",
    journal = {Monthly Notices of the Royal Astronomical Society},
    volume = {368},
    number = {4},
    pages = {1489-1499},
    year = {2006},
    month = {04},
    issn = {0035-8711},
    doi = {10.1111/j.1365-2966.2006.10238.x},
    url = {https://doi.org/10.1111/j.1365-2966.2006.10238.x},
    eprint = {https://academic.oup.com/mnras/article-pdf/368/4/1489/3958228/mnras0368-1489.pdf},
}

@article{PhysRevD.87.024001,
  title = {Mass ejection from the merger of binary neutron stars},
  author = {Hotokezaka, Kenta and Kiuchi, Kenta and Kyutoku, Koutarou and Okawa, Hirotada and Sekiguchi, Yu-ichiro and Shibata, Masaru and Taniguchi, Keisuke},
  journal = {Phys. Rev. D},
  volume = {87},
  issue = {2},
  pages = {024001},
  numpages = {27},
  year = {2013},
  month = {Jan},
  publisher = {American Physical Society},
  doi = {10.1103/PhysRevD.87.024001},
  url = {https://link.aps.org/doi/10.1103/PhysRevD.87.024001}
}

@article{Bauswein:2013jpa,
    author = "Bauswein, A. and Baumgarte, T.W. and Janka, H. -T.",
    title = "{Prompt merger collapse and the maximum mass of neutron stars}",
    eprint = "1307.5191",
    archivePrefix = "arXiv",
    primaryClass = "astro-ph.SR",
    doi = "10.1103/PhysRevLett.111.131101",
    journal = "Phys. Rev. Lett.",
    volume = "111",
    number = "13",
    pages = "131101",
    year = "2013"
}

@article{Metzger:2008av,
    author = "Metzger, B.D. and Piro, A.L. and Quataert, E.",
    title = "{Time-Dependent Models of Accretion Disks Formed from Compact Object Mergers}",
    eprint = "0805.4415",
    archivePrefix = "arXiv",
    primaryClass = "astro-ph",
    doi = "10.1111/j.1365-2966.2008.13789.x",
    journal = "Mon. Not. Roy. Astron. Soc.",
    volume = "390",
    pages = "781",
    year = "2008"
}

@article{Dessart:2008zd,
    author = "Dessart, L. and Ott, C.D. and Burrows, A. and Rosswog, S. and Livne, E.",
    title = "{Neutrino signatures and the neutrino-driven wind in Binary Neutron Star Mergers}",
    eprint = "0806.4380",
    archivePrefix = "arXiv",
    primaryClass = "astro-ph",
    doi = "10.1088/0004-637X/690/2/1681",
    journal = "Astrophys. J.",
    volume = "690",
    pages = "1681",
    year = "2009"
}

@article{Radice:2018ozg,
    author = "Radice, David and Dai, Liang",
    title = "{Multimessenger Parameter Estimation of GW170817}",
    eprint = "1810.12917",
    archivePrefix = "arXiv",
    primaryClass = "astro-ph.HE",
    doi = "10.1140/epja/i2019-12716-4",
    journal = "Eur. Phys. J. A",
    volume = "55",
    number = "4",
    pages = "50",
    year = "2019"
}

@article{Coughlin:2018fis,
    author = "Coughlin, Michael W. and Dietrich, Tim and Margalit, Ben and Metzger, Brian D.",
    title = "{Multimessenger Bayesian parameter inference of a binary neutron star merger}",
    eprint = "1812.04803",
    archivePrefix = "arXiv",
    primaryClass = "astro-ph.HE",
    doi = "10.1093/mnrasl/slz133",
    journal = "Mon. Not. Roy. Astron. Soc.",
    volume = "489",
    number = "1",
    pages = "L91--L96",
    year = "2019"
}

@INPROCEEDINGS{2012SPIE.8443E..13G,
       author = {{Gendreau}, Keith C. and {Arzoumanian}, Zaven and {Okajima}, Takashi},
        title = "{The Neutron star Interior Composition ExploreR (NICER): an Explorer mission of opportunity for soft x-ray timing spectroscopy}",
    booktitle = {\procspie},
         year = 2012,
       series = {Society of Photo-Optical Instrumentation Engineers (SPIE) Conference Series},
       volume = {8443},
        month = sep,
          eid = {844313},
        pages = {844313},
          doi = {10.1117/12.926396},
       adsurl = {https://ui.adsabs.harvard.edu/abs/2012SPIE.8443E..13G},
      adsnote = {Provided by the SAO/NASA Astrophysics Data System}
}