@article{Hinderer:2016eia,
     author         = "Hinderer, Tanja and others",
     title          = "{Effects of neutron-star dynamic tides on gravitational
                       waveforms within the effective-one-body approach}",
     journal        = "Phys. Rev. Lett.",
     volume         = "116",
     year           = "2016",
     number         = "18",
     pages          = "181101",
     doi            = "10.1103/PhysRevLett.116.181101",
}


@article{Bernuzzi:2014owa,
     author         = "Bernuzzi, Sebastiano and Nagar, Alessandro and Dietrich, Tim and Damour, Thibault",
     title          = "{Modeling the Dynamics of Tidally Interacting Binary
                       Neutron Stars up to the Merger}",
     journal        = "Phys. Rev. Lett.",
     volume         = "114",
     year           = "2015",
     number         = "16",
     pages          = "161103",
     doi            = "10.1103/PhysRevLett.114.161103",
}


@article{Damour:2009wj,
     author         = "Damour, Thibault and Nagar, Alessandro",
     title          = "{Effective One Body description of tidal effects in
                       inspiralling compact binaries}",
     journal        = "Phys. Rev.",
     volume         = "D81",
     year           = "2010",
     pages          = "084016",
     doi            = "10.1103/PhysRevD.81.084016",
}


@article{Baiotti:2010xh,
     author         = "Baiotti, Luca and others",
     title          = "{Analytic modelling of tidal effects in the relativistic
                       inspiral of binary neutron stars}",
     journal        = "Phys. Rev. Lett.",
     volume         = "105",
     year           = "2010",
     pages          = "261101",
     doi            = "10.1103/PhysRevLett.105.261101",
}


@article{Barkett:2015wia,
     author         = "Barkett, Kevin and others",
     title          = "{Gravitational waveforms for neutron star binaries from
                       binary black hole simulations}",
     journal        = "Phys. Rev.",
     volume         = "D93",
     year           = "2016",
     number         = "4",
     pages          = "044064",
     doi            = "10.1103/PhysRevD.93.044064",
}

@article{Lackey:2014fwa,
     author         = "Lackey, Benjamin D. and Wade, Leslie",
     title          = "{Reconstructing the neutron-star equation of state with
                       gravitational-wave detectors from a realistic population
                       of inspiralling binary neutron stars}",
     journal        = "Phys. Rev.",
     volume         = "D91",
     year           = "2015",
     number         = "4",
     pages          = "043002",
     doi            = "10.1103/PhysRevD.91.043002",
}

@article{Wade:2014vqa,
     author         = "Wade, Leslie and Creighton, Jolien D. E. and Ochsner, Evan and Lackey, Benjamin D. and Farr, Benjamin F. and Littenberg, Tyson B. and Raymond, Vivien",
     title          = "{Systematic and statistical errors in a bayesian approach
                       to the estimation of the neutron-star equation of state
                       using advanced gravitational wave detectors}",
     journal        = "Phys. Rev.",
     volume         = "D89",
     year           = "2014",
     number         = "10",
     pages          = "103012",
     doi            = "10.1103/PhysRevD.89.103012",
}



@article{Flanagan:2007ix,
      author         = "Flanagan, \'{E}anna \'{E}. and Hinderer, Tanja",
      title          = "{Constraining neutron star tidal Love numbers with
                        gravitational wave detectors}",
      journal        = "Phys. Rev.",
      volume         = "D77",
      year           = "2008",
      pages          = "021502",
      doi            = "10.1103/PhysRevD.77.021502",
}

@article{Hinderer:2007mb,
      author         = "Hinderer, Tanja",
      title          = "{Tidal Love numbers of neutron stars}",
      journal        = "Astrophys. J.",
      volume         = "677",
      year           = "2008",
      pages          = "1216-1220",
      doi            = "10.1086/533487",
}

@article{TheLIGOScientific:2017qsa,
      author         = "Abbott, B.â€‰P. and others",
      title          = "{GW170817: Observation of Gravitational Waves from a
                        Binary Neutron Star Inspiral}",
      journal        = "Phys. Rev. Lett.",
      volume         = "119",
      year           = "2017",
      number         = "16",
      pages          = "161101",
      doi            = "10.1103/PhysRevLett.119.161101",
}

@article{Favata:2013rwa,
      author         = "Favata, Marc",
      title          = "{Systematic parameter errors in inspiraling neutron star
                        binaries}",
      journal        = "Phys. Rev. Lett.",
      volume         = "112",
      year           = "2014",
      pages          = "101101",
      doi            = "10.1103/PhysRevLett.112.101101",
}

@article{Veitch:2014wba,
      author         = "Veitch, J. and others",
      title          = "{Parameter estimation for compact binaries with
                        ground-based gravitational-wave observations using the
                        LALInference software library}",
      journal        = "Phys. Rev.",
      volume         = "D91",
      year           = "2015",
      number         = "4",
      pages          = "042003",
      doi            = "10.1103/PhysRevD.91.042003",
}

@article{Soares-Santos:2017lru,
      author         = "Soares-Santos, M. and others",
      title          = "{The Electromagnetic Counterpart of the Binary Neutron
                        Star Merger LIGO/Virgo GW170817. I. Discovery of the
                        Optical Counterpart Using the Dark Energy Camera}",
      journal        = "Astrophys. J.",
      volume         = "848",
      year           = "2017",
      number         = "2",
      pages          = "L16",
      doi            = "10.3847/2041-8213/aa9059",
}

@article{Cantiello:2018ffy,
      author         = "Cantiello, Michele and others",
      title          = "{A Precise Distance to the Host Galaxy of the Binary
                        Neutron Star Merger GW170817 Using Surface Brightness
                        Fluctuations}",
      journal        = "Astrophys. J.",
      volume         = "854",
      year           = "2018",
      number         = "2",
      pages          = "L31",
      doi            = "10.3847/2041-8213/aaad64",
}

@article{Pankow:2015cra,
      author         = "Pankow, C. and Brady, P. and Ochsner, E. and
                        O'Shaughnessy, R.",
      title          = "{Novel scheme for rapid parallel parameter estimation of
                        gravitational waves from compact binary coalescences}",
      journal        = "Phys. Rev.",
      volume         = "D92",
      year           = "2015",
      number         = "2",
      pages          = "023002",
      doi            = "10.1103/PhysRevD.92.023002",
}

@article{Ozel:2016oaf,
      author         = {\"{O}zel, Feryal and Freire, Paulo},
      title          = "{Masses, Radii, and the Equation of State of Neutron
                        Stars}",
      journal        = "Ann. Rev. Astron. Astrophys.",
      volume         = "54",
      year           = "2016",
      pages          = "401-440",
      doi            = "10.1146/annurev-astro-081915-023322",
}

@article{Canton:2014ena,
  author         = "Dal Canton, Tito and others",
  title          = "{Implementing a search for aligned-spin neutron
                    star-black hole systems with advanced ground based
                    gravitational wave detectors}",
  journal        = "Phys. Rev.",
  volume         = "D90",
  year           = "2014",
  number         = "8",
  pages          = "082004",
  doi            = "10.1103/PhysRevD.90.082004",
}

@article{Usman:2015kfa,
  author         = "Usman, Samantha A. and others",
  title          = "{The PyCBC search for gravitational waves from compact
                    binary coalescence}",
  journal        = "Class. Quant. Grav.",
  volume         = "33",
  year           = "2016",
  number         = "21",
  pages          = "215004",
  doi            = "10.1088/0264-9381/33/21/215004",
}

@article{Kidder:2016hev,
      author         = "Kidder, Lawrence E. and others",
      title          = "{SpECTRE: A Task-based Discontinuous Galerkin Code for
                        Relativistic Astrophysics}",
      journal        = "J. Comput. Phys.",
      volume         = "335",
      year           = "2017",
      pages          = "84-114",
      doi            = "10.1016/j.jcp.2016.12.059",
}

@article{Agathos:2015uaa,
      author         = "Agathos, Michalis and Meidam, Jeroen and Del Pozzo, Walter and Li, Tjonnie G. F. and Tompitak, Marco and Veitch, John and Vitale, Salvatore and Van Den Broeck, Chris",
      title          = "{Constraining the neutron star equation of state with
                        gravitational wave signals from coalescing binary neutron
                        stars}",
      journal        = "Phys. Rev.",
      volume         = "D92",
      year           = "2015",
      number         = "2",
      pages          = "023012",
}

@article{Aasi:2013wya,
      author         = "Abbott, Benjamin P. and others",
      title          = "{Prospects for Observing and Localizing
                        Gravitational-Wave Transients with Advanced LIGO, Advanced
                        Virgo and KAGRA}",
      collaboration  = "VIRGO, LIGO Scientific",
      year           = "2013",
      doi            = "10.1007/lrr-2016-1",
      note           = "[Living Rev. Rel.19,1(2016)]",
}

@article{DelPozzo:2013ala,
      author         = "Del Pozzo, Walter and Li, Tjonnie G. F. and Agathos,
                        Michalis and Van Den Broeck, Chris and Vitale, Salvatore",
      title          = "{Demonstrating the feasibility of probing the neutron
                        star equation of state with second-generation
                        gravitational wave detectors}",
      journal        = "Phys. Rev. Lett.",
      volume         = "111",
      year           = "2013",
      number         = "7",
      pages          = "071101",
      doi            = "10.1103/PhysRevLett.111.071101",
}

@article{Hannam:2013uu,
      author         = "Hannam, Mark and Brown, Duncan A. and Fairhurst, Stephen and Fryer, Chris L. and Harry, Ian W.",
      title          = "{When can gravitational-wave observations distinguish
                        between black holes and neutron stars?}",
      journal        = "Astrophys. J.",
      volume         = "766",
      year           = "2013",
      pages          = "L14",
      doi            = "10.1088/2041-8205/766/1/L14",
}

@article{Belczynski:2000wr,
      author         = "Belczynski, Krzysztof and Kalogera, Vassiliki",
      title          = "{A New formation channel for double neutron stars without
                        recycling: Implications for gravitational wave detection}",
      journal        = "Astrophys. J.",
      volume         = "550",
      year           = "2001",
      pages          = "L183-L187",
      doi            = "10.1086/319641",
}

@article{Buonanno:2009zt,
  author = {Buonanno, Alessandra and Iyer, Bala R. and Ochsner, Evan and Pan, Yi and Sathyaprakash, B. S.},
  journal = {Phys. Rev. D},
  volume = {80},
  issue = {8},
  pages = {084043},
  numpages = {24},
  year = {2009},
  month = {Oct},
  publisher = {American Physical Society},
  doi = {10.1103/PhysRevD.80.084043},
  url = {https://link.aps.org/doi/10.1103/PhysRevD.80.084043}
}

@misc{lalsuite,
  author = {https://wiki.ligo.org/DASWG/LALSuite},
  title = {LALSuite software package},
  url = {https://wiki.ligo.org/DASWG/LALSuite}
}

@article{emcee,
   author={Daniel Foreman-Mackey and David W. Hogg and Dustin Lang and Jonathan Goodman},
  title={emcee : The MCMC Hammer},
  journal={Publications of the Astronomical Society of the Pacific},
  volume={125},
  number={925},
  pages={306},
  url={http://stacks.iop.org/1538-3873/125/i=925/a=306},
  year={2013}
}

@article{Finn:2000hj,
      author         = "Finn, Lee Samuel",
      title          = "{Aperture synthesis for gravitational wave data analysis:
                        Deterministic sources}",
      journal        = "Phys. Rev.",
      volume         = "D63",
      year           = "2001",
      pages          = "102001",
      doi            = "10.1103/PhysRevD.63.102001",
}

@article{mcmc,
    author = {Goodman J., Weare J.},
    year = 2010,
    journal = {Commun. Appl. Math. Comput. Sci.}, 
    volume =5,
    number = 1,
    pages = {65-80},
    doi = {10.2140/camcos.2010.5.65}
}


@article{Vallisneri:2014vxa,
  author={Michele Vallisneri and Jonah Kanner and Roy Williams and Alan Weinstein and Branson Stephens},
  title={The LIGO Open Science Center},
  journal={Journal of Physics: Conference Series},
  volume={610},
  number={1},
  pages={012021},
  url={http://stacks.iop.org/1742-6596/610/i=1/a=012021},
  year={2015},
}

@article{Rover:2006bb,
      author         = "Rover, Christian and Meyer, Renate and Christensen, Nelson",
      title          = "{Coherent Bayesian inference on compact binary inspirals
                        using a network of interferometric gravitational wave
                        detectors}",
      journal        = "Phys. Rev.",
      volume         = "D75",
      year           = "2007",
      pages          = "062004",
}

@manual{alex_nitz_2018_1208115,
  author       = {Alex Nitz and
                  Ian Harry and
                  Duncan Brown and
                  Christopher M. Biwer and
                  Josh Willis and
                  Tito Dal Canton and
                  Larne Pekowsky and
                  Thomas Dent and
                  Collin Capano and
                  Andrew R. Williamson and
                  Soumi De and Miriam Cabero and others},
  title        = {PyCBC v1.9.4},
  year         = 2018,
  doi          = {10.5281/zenodo.1208115},
  note          = {\url{https://doi.org/10.5281/zenodo.1208115}}
}

@manual{gw170817commoneos,
      title  = "SUGWG GitHub Repository",
      author = "De, S. and others",
      note    = {\url{https://github.com/sugwg/gw170817-common-eos}},
      year   = "2018"
}

@article{Sathyaprakash:1991mt,
      author         = "Sathyaprakash, B. S. and Dhurandhar, S. V.",
      title          = "{Choice of filters for the detection of gravitational
                        waves from coalescing binaries}",
      journal        = "Phys. Rev.",
      volume         = "D44",
      year           = "1991",
      pages          = "3819-3834",
      doi            = "10.1103/PhysRevD.44.3819",
}


@article{Peters:1963ux,
      author         = "Peters, P. C. and Mathews, J.",
      title          = "{Gravitational radiation from point masses in a Keplerian
                        orbit}",
      journal        = "Phys. Rev.",
      volume         = "131",
      year           = "1963",
      pages          = "435-439",
      doi            = "10.1103/PhysRev.131.435",
      SLACcitation   = "%%CITATION = PHRVA,131,435;%%"
}

@article{skilling2006,
author = "Skilling, John",
doi = "10.1214/06-BA127",
fjournal = "Bayesian Analysis",
journal = "Bayesian Anal.",
month = "12",
number = "4",
pages = "833--859",
publisher = "International Society for Bayesian Analysis",
title = "Nested sampling for general Bayesian computation",
url = "https://doi.org/10.1214/06-BA127",
volume = "1",
year = "2006"
}

@article{Lattimer:2006xb,
      author         = "Lattimer, James M. and Prakash, Maddapa",
      title          = "{Neutron Star Observations: Prognosis for Equation of
                        State Constraints}",
      journal        = "Phys. Rept.",
      volume         = "442",
      year           = "2007",
      pages          = "109-165",
      doi            = "10.1016/j.physrep.2007.02.003",
}

@article{Read:2009yp,
      author         = "Read, Jocelyn S. and Markakis, Charalampos and Shibata, Masaru and Uryu, Koji and Creighton, Jolien D. E. and Friedman, John L.",
      title          = "{Measuring the neutron star equation of state with
                        gravitational wave observations}",
      journal        = "Phys. Rev.",
      volume         = "D79",
      year           = "2009",
      pages          = "124033",
      doi            = "10.1103/PhysRevD.79.124033",
}

@Article{PER-GRA:2007,
  Author    = {P\'erez, Fernando and Granger, Brian E.},
  Title     = {{IP}ython: a System for Interactive Scientific Computing},
  Journal   = {Computing in Science and Engineering},
  Volume    = {9},
  Number    = {3},
  Pages     = {21--29},
  month     = may,
  year      = 2007,
  url       = "http://ipython.org",
  ISSN      = "1521-9615",
  doi       = {10.1109/MCSE.2007.53},
  publisher = {IEEE Computer Society},
}

@article{Allen:2005fk,
      author         = "Allen, Bruce and Anderson, Warren G. and Brady, Patrick
                        R. and Brown, Duncan A. and Creighton, Jolien D. E.",
      title          = "{FINDCHIRP: An Algorithm for detection of gravitational
                        waves from inspiraling compact binaries}",
      journal        = "Phys. Rev.",
      volume         = "D85",
      year           = "2012",
      pages          = "122006",
      doi            = "10.1103/PhysRevD.85.122006",
}

@article{Hughes:2002ru,
      author         = "Hughes, Scott A.",
      title          = "{Tuning gravitational wave detector networks to measure
                        compact binary mergers}",
      journal        = "Phys. Rev.",
      volume         = "D66",
      year           = "2002",
      pages          = "102001",
      doi            = "10.1103/PhysRevD.66.102001",
}


@ARTICLE{1161901,
author={P. Welch},
journal={IEEE Transactions on Audio and Electroacoustics},
title={The use of fast Fourier transform for the estimation of power spectra: A method based on time averaging over short, modified periodograms},
year={1967},
volume={15},
number={2},
pages={70-73},
keywords={Aging;Demodulation;Fast Fourier transforms;Fourier transforms;Reactive power;Shape;Stochastic processes;Testing;Time measurement},
doi={10.1109/TAU.1967.1161901},
ISSN={0018-9278},
month={Jun},}

@article{PhysRevLett.84.3519,
  title = {Prospects for Gravitational-Wave Observations of Neutron-Star Tidal Disruption in Neutron-Star\char21{}Black-Hole Binaries},
  author = {Vallisneri, Michele},
  journal = {Phys. Rev. Lett.},
  volume = {84},
  issue = {16},
  pages = {3519--3522},
  numpages = {0},
  year = {2000},
  month = {Apr},
  publisher = {American Physical Society},
  doi = {10.1103/PhysRevLett.84.3519},
  url = {https://link.aps.org/doi/10.1103/PhysRevLett.84.3519}
}

@article{Arun:2008kb,
      author         = "Arun, K. G. and Buonanno, Alessandra and Faye, Guillaume and Ochsner, Evan",
      title          = "{Higher-order spin effects in the amplitude and phase of
                        gravitational waveforms emitted by inspiraling compact
                        binaries: Ready-to-use gravitational waveforms}",
      journal        = "Phys. Rev.",
      volume         = "D79",
      year           = "2009",
      pages          = "104023",
      doi            = "10.1103/PhysRevD.79.104023, 10.1103/PhysRevD.84.049901",
      note           = "[Erratum: Phys. Rev.D84,049901(2011)]",
}

@InCollection{thorne.k:1987,
  author        = {K S Thorne},
  title         = {Gravitational radiation},
  booktitle     = {Three hundred years of gravitation},
  chapter       = {9},
  pages         = {330--458},
  editor        = {S. W. Hawking and W. Israel},
  publisher     = {Cambridge University Press},
  address       = {Cambridge},
  year          = {1987}
}

@article{Mikoczi:2005dn,
      author         = "Mikoczi, Balazs and Vasuth, Matyas and Gergely, Laszlo
                        A.",
      title          = "{Self-interaction spin effects in inspiralling compact
                        binaries}",
      journal        = "Phys. Rev.",
      volume         = "D71",
      year           = "2005",
      pages          = "124043",
      doi            = "10.1103/PhysRevD.71.124043",
}

@article{Bohe:2013cla,
      author={Alejandro Boh\'{e} and Sylvain Marsat and Luc Blanchet},
  title={Next-to-next-to-leading order spinâ€“orbit effects in the gravitational wave flux and orbital phasing of compact binaries},
  journal={Classical and Quantum Gravity},
  volume={30},
  number={13},
  pages={135009},
  url={http://stacks.iop.org/0264-9381/30/i=13/a=135009},
  year={2013}
}

@manual{gw170817-losc,
year = 2017,
title = {{LOSC CLN Data Products for GW170817}},
author = {Blackburn, Kent and others},
note = {\url{https://dcc.ligo.org/P1700349/public}},
doi = 10.7935/K5B8566F
}

@misc{gw170817-noise,
year = 2017,
title = {Offline noise subtraction for {Advanced LIGO}},
author = {Driggers, J and Vitale, S and Lundgren, A and Evans, M and Kawabe, K and Dwyer, S and Izumi, K and Fritschel, P},
publisher = {{LIGO} {D}ocument {C}ontrol {C}enter},
note = {\url{https://dcc.ligo.org/LIGO-P1700260/public}}
}

@misc{lal,
year = 2017,
note = {\url{https://git.ligo.org/lscsoft/lalsuite}},
publisher = {Commit hash version \texttt{8cbd1b7187}},
author = {Mercer, R. A. and others},
title = {{LIGO Algorithm Library}}
}

@article{Lattimer:2015nhk,
      author         = "Lattimer, James M. and Prakash, Madappa",
      title          = "{The Equation of State of Hot, Dense Matter and Neutron
                        Stars}",
      journal        = "Phys. Rept.",
      volume         = "621",
      year           = "2016",
      pages          = "127-164",
      doi            = "10.1016/j.physrep.2015.12.005",
}

@article{Brown:2012qf,
      title = {Detecting binary neutron star systems with spin in advanced gravitational-wave detectors},
  author = {Brown, Duncan A. and Harry, Ian and Lundgren, Andrew and Nitz, Alexander H.},
  journal = {Phys. Rev. D},
  volume = {86},
  issue = {8},
  pages = {084017},
  numpages = {12},
  year = {2012},
  month = {Oct},
  publisher = {American Physical Society},
  doi = {10.1103/PhysRevD.86.084017},
  url = {https://link.aps.org/doi/10.1103/PhysRevD.86.084017}
}

@article{Demorest:2010bx,
      author         = "Demorest, Paul and Pennucci, Tim and Ransom, Scott and
                        Roberts, Mallory and Hessels, Jason",
      title          = "{Shapiro Delay Measurement of A Two Solar Mass Neutron
                        Star}",
      journal        = "Nature",
      volume         = "467",
      year           = "2010",
      pages          = "1081-1083",
      doi            = "10.1038/nature09466",
}

@article{Antoniadis:2013pzd,
      author         = "Antoniadis, John and others",
      title          = "{A Massive Pulsar in a Compact Relativistic Binary}",
      journal        = "Science",
      volume         = "340",
      year           = "2013",
      pages          = "6131",
      doi            = "10.1126/science.1233232",
}

@article {Antoniadis1233232,
	author = {Antoniadis, John and others},
	title = {A Massive Pulsar in a Compact Relativistic Binary},
	volume = {340},
	number = {6131},
	year = {2013},
	doi = {10.1126/science.1233232},
	publisher = {American Association for the Advancement of Science},
	issn = {0036-8075},
	URL = {http://science.sciencemag.org/content/340/6131/1233232},
	eprint = {http://science.sciencemag.org/content/340/6131/1233232.full.pdf},
	journal = {Science}
}

@article{Lattimer:2012nd,
      author         = "Lattimer, James M.",
      title          = "{The nuclear equation of state and neutron star masses}",
      journal        = "Ann. Rev. Nucl. Part. Sci.",
      volume         = "62",
      year           = "2012",
      pages          = "485-515",
      doi            = "10.1146/annurev-nucl-102711-095018",
}

@article{Christensen:2001cr,
      author         = "Christensen, Nelson and Meyer, Renate",
      title          = "{Using Markov chain Monte Carlo methods for estimating
                        parameters with gravitational radiation data}",
      journal        = "Phys. Rev.",
      volume         = "D64",
      year           = "2001",
      pages          = "022001",
      doi            = "10.1103/PhysRevD.64.022001",
}

@article{Cutler:1994ys,
      author         = {Cutler, Curt and Flanagan, \'{E}anna \'{E}.},
      title          = "{Gravitational waves from merging compact binaries: How
                        accurately can one extract the binary's parameters from
                        the inspiral wave form?}",
      journal        = "Phys. Rev.",
      volume         = "D49",
      year           = "1994",
      pages          = "2658-2697",
      doi            = "10.1103/PhysRevD.49.2658",
}

@article{Oppenheimer:1939ne,
      author         = "Oppenheimer, J. R. and Volkoff, G. M.",
      title          = "{On Massive neutron cores}",
      journal        = "Phys. Rev.",
      volume         = "55",
      year           = "1939",
      pages          = "374-381",
      doi            = "10.1103/PhysRev.55.374",
}

@article{Tauris:2017omb,
      author         = "Tauris, T. M. and others",
      title          = "{Formation of Double Neutron Star Systems}",
      journal        = "Astrophys. J.",
      volume         = "846",
      year           = "2017",
      number         = "2",
      pages          = "170",
      doi            = "10.3847/1538-4357/aa7e89",
      primaryClass   = "astro-ph.HE",
}

@article{Vines:2011ud,
  author = {Vines, Justin and Flanagan, \'{E}anna \'{E}. and Hinderer, Tanja},
  journal = {Phys. Rev. D},
  volume = {83},
  issue = {8},
  pages = {084051},
  numpages = {7},
  year = {2011},
  month = {Apr},
  publisher = {American Physical Society},
  doi = {10.1103/PhysRevD.83.084051},
  url = {https://link.aps.org/doi/10.1103/PhysRevD.83.084051},
}

@article{Postnikov:2010yn,
      author         = "Postnikov, Sergey and Prakash, Madappa and Lattimer,
                        James M.",
      title          = "{Tidal Love Numbers of Neutron and Self-Bound Quark
                        Stars}",
      journal        = "Phys. Rev.",
      volume         = "D82",
      year           = "2010",
      pages          = "024016",
      doi            = "10.1103/PhysRevD.82.024016",
      primaryClass   = "astro-ph.SR",
      SLACcitation   = "%%CITATION = ARXIV:1004.5098;%%"
}

@article{Lattimer:2012xj,
      author         = "Lattimer, James M. and Lim, Yeunhwan",
      title          = "{Constraining the Symmetry Parameters of the Nuclear
                        Interaction}",
      journal        = "Astrophys. J.",
      volume         = "771",
      year           = "2013",
      pages          = "51",
      doi            = "10.1088/0004-637X/771/1/51",
      primaryClass   = "nucl-th",
      SLACcitation   = "%%CITATION = ARXIV:1203.4286;%%"
}

@article{Gralla:2017djj,
      author         = "Gralla, Samuel E.",
      title          = "{On the Ambiguity in Relativistic Tidal Deformability}",
      journal        = "Class. Quant. Grav.",
      volume         = "35",
      year           = "2018",
      number         = "8",
      pages          = "085002",
      doi            = "10.1088/1361-6382/aab186",
      primaryClass   = "gr-qc",
      SLACcitation   = "%%CITATION = ARXIV:1710.11096;%%"
}

@article{Steiner:2010fz,
      author         = "Steiner, Andrew W. and Lattimer, James M. and Brown,
                        Edward F.",
      title          = "{The Equation of State from Observed Masses and Radii of
                        Neutron Stars}",
      journal        = "Astrophys. J.",
      volume         = "722",
      year           = "2010",
      pages          = "33-54",
      doi            = "10.1088/0004-637X/722/1/33",
      primaryClass   = "astro-ph.HE",
      SLACcitation   = "%%CITATION = ARXIV:1005.0811;%%"
}

@article{Degenaar:2018lle,
    author = "Degenaar, N. and Suleimanov, V.F.",
    title = "{Testing the Equation of State with Electromagnetic Observations}",
    eprint = "1806.02833",
    note = {arXiv:1806.02833},
    archivePrefix = "arXiv",
    primaryClass = "astro-ph.HE",
    doi = "10.1007/978-3-319-97616-7\_5",
    year = "2018"
}

@article{Gandolfi:2011xu,
      author         = "Gandolfi, S. and Carlson, J. and Reddy, Sanjay",
      title          = "{The maximum mass and radius of neutron stars and the
                        nuclear symmetry energy}",
      journal        = "Phys. Rev.",
      volume         = "C85",
      year           = "2012",
      pages          = "032801",
      doi            = "10.1103/PhysRevC.85.032801",
      primaryClass   = "nucl-th",
      reportNumber   = "LA-UR-10-07356",
      SLACcitation   = "%%CITATION = ARXIV:1101.1921;%%"
}

@article{Lynn:2015jua,
      author         = "Lynn, J. E. and Tews, I. and Carlson, J. and Gandolfi, S. and Gezerlis, A. and Schmidt, K. E. and Schwenk, A.",
      title          = "{Chiral Three-Nucleon Interactions in Light Nuclei,
                        Neutron-$\alpha$ Scattering, and Neutron Matter}",
      journal        = "Phys. Rev. Lett.",
      volume         = "116",
      year           = "2016",
      number         = "6",
      pages          = "062501",
      doi            = "10.1103/PhysRevLett.116.062501",
      primaryClass   = "nucl-th",
      reportNumber   = "LA-UR-15-27045",
      SLACcitation   = "%%CITATION = ARXIV:1509.03470;%%"
}

@article{Drischler:2015eba,
      author         = "Drischler, Christian and Hebeler, Kai and Schwenk, Achim",
      title          = "{Asymmetric nuclear matter based on chiral two- and
                        three-nucleon interactions}",
      journal        = "Phys. Rev.",
      volume         = "C93",
      year           = "2016",
      number         = "5",
      pages          = "054314",
      doi            = "10.1103/PhysRevC.93.054314",
      primaryClass   = "nucl-th",
      SLACcitation   = "%%CITATION = ARXIV:1510.06728;%%"
}

@article{Kolomeitsev:2016sjl,
      author         = "Tews, Ingo and Lattimer, James M. and Ohnishi, Akira and
                        Kolomeitsev, Evgeni E.",
      title          = "{Symmetry Parameter Constraints from a Lower Bound on
                        Neutron-matter Energy}",
      journal        = "Astrophys. J.",
      volume         = "848",
      year           = "2017",
      number         = "2",
      pages          = "105",
      doi            = "10.3847/1538-4357/aa8db9",
      primaryClass   = "nucl-th",
      reportNumber   = "YITP-16-121, INT-PUB-16-045",
      SLACcitation   = "%%CITATION = ARXIV:1611.07133;%%"
}

@article{Tews:2012fj,
      author         = "Tews, I. and Kruger, T. and Hebeler, K. and Schwenk, A.",
      title          = "{Neutron matter at next-to-next-to-next-to-leading order
                        in chiral effective field theory}",
      journal        = "Phys. Rev. Lett.",
      volume         = "110",
      year           = "2013",
      number         = "3",
      pages          = "032504",
      doi            = "10.1103/PhysRevLett.110.032504",
      primaryClass   = "nucl-th",
      SLACcitation   = "%%CITATION = ARXIV:1206.0025;%%"
}

@article{Guillot:2014lla,
      author         = "Guillot, Sebastien and Rutledge, Robert E.",
      title          = "{Rejecting proposed dense-matter equations of state with
                        quiescent low-mass X-ray binaries}",
      journal        = "Astrophys. J.",
      volume         = "796",
      year           = "2014",
      number         = "1",
      pages          = "L3",
      doi            = "10.1088/2041-8205/796/1/L3",
      primaryClass   = "astro-ph.HE",
      SLACcitation   = "%%CITATION = ARXIV:1409.4306;%%"
}

@article{Lattimer:2013hma,
      author         = "Lattimer, James M. and Steiner, Andrew W.",
      title          = "{Neutron Star Masses and Radii from Quiescent Low-Mass
                        X-ray Binaries}",
      journal        = "Astrophys. J.",
      volume         = "784",
      year           = "2014",
      pages          = "123",
      doi            = "10.1088/0004-637X/784/2/123",
      primaryClass   = "astro-ph.HE",
      reportNumber   = "INT-PUB-13-015",
      SLACcitation   = "%%CITATION = ARXIV:1305.3242;%%"
}

@article{Shaw:2018wxh,
    author = "Shaw, A.W. and Heinke, C.O. and Steiner, A.W. and Campana, S. and Cohn, H.N. and Ho, W.C. G. and Lugger, P.M. and Servillat, M.",
    title = "{The radius of the quiescent neutron star in the globular cluster M13}",
    eprint = "1803.00029",
    archivePrefix = "arXiv",
    primaryClass = "astro-ph.HE",
    doi = "10.1093/mnras/sty582",
    journal = "Mon. Not. Roy. Astron. Soc.",
    volume = "476",
    number = "4",
    pages = "4713--4718",
    year = "2018"
}

@article{Damour:2012yf,
      author         = "Damour, Thibault and Nagar, Alessandro and Villain, Loic",
      title          = "{Measurability of the tidal polarizability of neutron
                        stars in late-inspiral gravitational-wave signals}",
      journal        = "Phys. Rev.",
      volume         = "D85",
      year           = "2012",
      pages          = "123007",
      doi            = "10.1103/PhysRevD.85.123007",
      primaryClass   = "gr-qc",
      SLACcitation   = "%%CITATION = ARXIV:1203.4352;%%"
}


@article{Abbott:2018wiz,
    author = "Abbott, B.P. and others",
    collaboration = "LIGO Scientific, Virgo",
    title = "{Properties of the binary neutron star merger GW170817}",
    eprint = "1805.11579",
    archivePrefix = "arXiv",
    primaryClass = "gr-qc",
    doi = "10.1103/PhysRevX.9.011001",
    journal = "Phys. Rev. X",
    volume = "9",
    number = "1",
    pages = "011001",
    year = "2019"
}


@article{Littenberg:2014oda,
      author         = "Littenberg, Tyson B. and Cornish, Neil J.",
      title          = "{Bayesian inference for spectral estimation of
                        gravitational wave detector noise}",
      journal        = "Phys. Rev.",
      volume         = "D91",
      year           = "2015",
      number         = "8",
      pages          = "084034",
      doi            = "10.1103/PhysRevD.91.084034",
      primaryClass   = "gr-qc",
      SLACcitation   = "%%CITATION = ARXIV:1410.3852;%%"
}

@article{Yagi:2016qmr,
      author         = "Yagi, Kent and Yunes, Nicolas",
      title          = "{Approximate Universal Relations among Tidal Parameters
                        for Neutron Star Binaries}",
      journal        = "Class. Quant. Grav.",
      volume         = "34",
      year           = "2017",
      number         = "1",
      pages          = "015006",
      doi            = "10.1088/1361-6382/34/1/015006",
      primaryClass   = "gr-qc",
      SLACcitation   = "%%CITATION = ARXIV:1608.06187;%%"
}

@article{Chatziioannou:2018vzf,
      author         = "Chatziioannou, Katerina and Haster, Carl-Johan and
                        Zimmerman, Aaron",
      title          = "{Measuring the neutron star tidal deformability with
                        equation-of-state-independent relations and gravitational
                        waves}",
      journal        = "Phys. Rev.",
      volume         = "D97",
      year           = "2018",
      number         = "10",
      pages          = "104036",
      doi            = "10.1103/PhysRevD.97.104036",
      primaryClass   = "gr-qc",
      SLACcitation   = "%%CITATION = ARXIV:1804.03221;%%"
}

@article{Abbott:2018exr,
    author = "Abbott, B.P. and others",
    collaboration = "LIGO Scientific, Virgo",
    title = "{GW170817: Measurements of neutron star radii and equation of state}",
    eprint = "1805.11581",
    note = {arXiv:1805.11581},
    archivePrefix = "arXiv",
    primaryClass = "gr-qc",
    reportNumber = "LIGO-P1800115",
    doi = "10.1103/PhysRevLett.121.161101",
    journal = "Phys. Rev. Lett.",
    volume = "121",
    number = "16",
    pages = "161101",
    year = "2018"
}

@article{vousden:2016,
      author = "Vousden, W. D. and Farr, W. M. and Mandel, I.",
      title = "{Dynamic temperature selection for parallel tempering in Markov chain Monte Carlo simulations}",
journal = {Monthly Notices of the Royal Astronomical Society},
      volume = {455},
      number = {2},
      pages = {1919-1937},
      year = {2016},
      doi = {10.1093/mnras/stv2422},
      URL = {http://dx.doi.org/10.1093/mnras/stv2422}
}

@article{Zhao:2018nyf,
    author = "Zhao, Tianqi and Lattimer, James M.",
    title = "{Tidal Deformabilities and Neutron Star Mergers}",
    eprint = "1808.02858",
    archivePrefix = "arXiv",
    primaryClass = "astro-ph.HE",
    doi = "10.1103/PhysRevD.98.063020",
    journal = "Phys. Rev. D",
    volume = "98",
    number = "6",
    pages = "063020",
    year = "2018"
}


@article{Biwer:2018osg,
      author         = "Biwer, C. M. and Capano, Collin D. and De, Soumi and
                        Cabero, Miriam and Brown, Duncan A. and Nitz, Alexander H.
                        and Raymond, V.",
      title          = "{PyCBC Inference: A Python-based parameter estimation
                        toolkit for compact binary coalescence signals}",
      year           = "2018",
      eprint         = "1807.10312",
      archivePrefix  = "arXiv",
      primaryClass   = "astro-ph.IM",
      SLACcitation   = "%%CITATION = ARXIV:1807.10312;%%"
}

@article{De:2018,
  title = {Tidal Deformabilities and Radii of Neutron Stars from the Observation of GW170817},
  author = {De, Soumi and Finstad, Daniel and Lattimer, James M. and Brown, Duncan A. and Berger, Edo and Biwer, Christopher M.},
  journal = {Phys. Rev. Lett.},
  volume = {121},
  issue = {9},
  pages = {091102},
  numpages = {6},
  year = {2018},
  month = {Aug},
  publisher = {American Physical Society},
  doi = {10.1103/PhysRevLett.121.091102},
  url = {https://link.aps.org/doi/10.1103/PhysRevLett.121.091102}
}

@article{Liu:2016,
author = {Liu, Peigui and Elshall, Ahmed S. and Ye, Ming and Beerli, Peter and Zeng, Xiankui and Lu, Dan and Tao, Yuezan},
title = {Evaluating marginal likelihood with thermodynamic integration method and comparison with several other numerical methods},
year = {2016}, 
journal = {Water Resources Research},
volume = {52},
number = {2},
pages = {734-758},
doi = {10.1002/2014WR016718},
url = {https://agupubs.onlinelibrary.wiley.com/doi/abs/10.1002/2014WR016718},
%eprint = {https://agupubs.onlinelibrary.wiley.com/doi/pdf/10.1002/2014WR016718}
}