@article{Siegel:2017jug,
      author         = "Siegel, Daniel M. and Metzger, Brian D.",
      title          = "{Three-dimensional GRMHD simulations of neutrino-cooled
                        accretion disks from neutron star mergers}",
      journal        = "Astrophys. J.",
      volume         = "858",
      year           = "2018",
      number         = "1",
      pages          = "52",
      doi            = "10.3847/1538-4357/aabaec",
      eprint         = "1711.00868",
      archivePrefix  = "arXiv",
      primaryClass   = "astro-ph.HE",
      SLACcitation   = "%%CITATION = ARXIV:1711.00868;%%"
}

@article{Siegel:2017nub,
      author         = "Siegel, Daniel M. and Metzger, Brian D.",
      title          = "{Three-Dimensional General-Relativistic
                        Magnetohydrodynamic Simulations of Remnant Accretion Disks
                        from Neutron Star Mergers: Outflows and $r$-Process
                        Nucleosynthesis}",
      journal        = "Phys. Rev. Lett.",
      volume         = "119",
      year           = "2017",
      number         = "23",
      pages          = "231102",
      doi            = "10.1103/PhysRevLett.119.231102",
      eprint         = "1705.05473",
      archivePrefix  = "arXiv",
      primaryClass   = "astro-ph.HE",
      SLACcitation   = "%%CITATION = ARXIV:1705.05473;%%"
}

@article{kawanaka_neutrino-cooled_2007,
    author = "Kawanaka, Norita and Mineshige, Shin",
    title = "{Neutrino Cooled Disk and Its Stability}",
    eprint = "astro-ph/0702630",
    archivePrefix = "arXiv",
    doi = "10.1086/517985",
    journal = "Astrophys. J.",
    volume = "662",
    pages = "1156--1166",
    year = "2007"
}

@article{kruger_2020,
       author = {{Kr{\"u}ger}, Christian J. and {Foucart}, Francois},
        title = "{Estimates for disk and ejecta masses produced in compact binary mergers}",
      journal = {\prd},
     keywords = {Astrophysics - High Energy Astrophysical Phenomena, General Relativity and Quantum Cosmology},
         year = 2020,
        month = may,
       volume = {101},
       number = {10},
          eid = {103002},
        pages = {103002},
          doi = {10.1103/PhysRevD.101.103002},
archivePrefix = {arXiv},
       eprint = {2002.07728},
 primaryClass = {astro-ph.HE},
       adsurl = {https://ui.adsabs.harvard.edu/abs/2020PhRvD.101j3002K},
      adsnote = {Provided by the SAO/NASA Astrophysics Data System}
}

@article{De:2018uhw,
    author = "De, Soumi and Finstad, Daniel and Lattimer, James M. and Brown, Duncan A. and Berger, Edo and Biwer, Christopher M.",
    title = "{Tidal Deformabilities and Radii of Neutron Stars from the Observation of GW170817}",
    eprint = "1804.08583",
    archivePrefix = "arXiv",
    primaryClass = "astro-ph.HE",
    doi = "10.1103/PhysRevLett.121.091102",
    journal = "Phys. Rev. Lett.",
    volume = "121",
    number = "9",
    pages = "091102",
    year = "2018",
    note = "[Erratum: Phys.Rev.Lett. 121, 259902 (2018)]"
}

@article{Miller:2019cac,
    author = "Miller, M.C. and others",
    title = "{PSR J0030+0451 Mass and Radius from $NICER$ Data and Implications for the Properties of Neutron Star Matter}",
    eprint = "1912.05705",
    archivePrefix = "arXiv",
    primaryClass = "astro-ph.HE",
    doi = "10.3847/2041-8213/ab50c5",
    journal = "Astrophys. J. Lett.",
    volume = "887",
    number = "1",
    pages = "L24",
    year = "2019"
}

@article{Riley:2019yda,
    author = "Riley, Thomas E. and others",
    title = "{A $NICER$ View of PSR J0030+0451: Millisecond Pulsar Parameter Estimation}",
    eprint = "1912.05702",
    archivePrefix = "arXiv",
    primaryClass = "astro-ph.HE",
    doi = "10.3847/2041-8213/ab481c",
    journal = "Astrophys. J. Lett.",
    volume = "887",
    number = "1",
    pages = "L21",
    year = "2019"
}

@article{Landry:2020vaw,
    author = "Landry, Philippe and Essick, Reed and Chatziioannou, Katerina",
    title = "{Nonparametric constraints on neutron star matter with existing and upcoming gravitational wave and pulsar observations}",
    eprint = "2003.04880",
    archivePrefix = "arXiv",
    primaryClass = "astro-ph.HE",
    year = "2020",
    note = {arXiv:2003.04880}
}

@article{Fernandez:2018kax,
    author = "Fernández, Rodrigo and Tchekhovskoy, Alexander and Quataert, Eliot and Foucart, Francois and Kasen, Daniel",
    title = "{Long-term GRMHD simulations of neutron star merger accretion discs: implications for electromagnetic counterparts}",
    eprint = "1808.00461",
    archivePrefix = "arXiv",
    primaryClass = "astro-ph.HE",
    doi = "10.1093/mnras/sty2932",
    journal = "Mon. Not. Roy. Astron. Soc.",
    volume = "482",
    number = "3",
    pages = "3373--3393",
    year = "2019"
}

@article{Christie:2019lim,
    author = "Christie, I.M. and Lalakos, A. and Tchekhovskoy, A. and Fernández, R. and Foucart, F. and Quataert, E. and Kasen, D.",
    title = "{The Role of Magnetic Field Geometry in the Evolution of Neutron Star Merger Accretion Discs}",
    eprint = "1907.02079",
    archivePrefix = "arXiv",
    primaryClass = "astro-ph.HE",
    doi = "10.1093/mnras/stz2552",
    journal = "Mon. Not. Roy. Astron. Soc.",
    volume = "490",
    number = "4",
    pages = "4811--4825",
    year = "2019"
}

@article{Kulkarni:2005jw,
    author = "Kulkarni, S.R.",
    title = "{Modeling supernova-like explosions associated with gamma-ray bursts with short durations}",
    eprint = "astro-ph/0510256",
    archivePrefix = "arXiv",
    month = "Oct",
    year = "2005",
    note = {arXiv:astro-ph/0510256}
}

@article{Antier:2019pzz,
    author = "Antier, S. and others",
    collaboration = "GRANDMA",
    title = "{The first six months of the Advanced LIGO's and Advanced Virgo's third observing run with GRANDMA}",
    eprint = "1910.11261",
    archivePrefix = "arXiv",
    primaryClass = "astro-ph.HE",
    doi = "10.1093/mnras/stz3142",
    journal = "Mon. Not. Roy. Astron. Soc.",
    volume = "492",
    number = "3",
    pages = "3904--3927",
    year = "2020"
}

@article{Hosseinzadeh:2019ifm,
    author = "Hosseinzadeh, G. and others",
    title = "{Follow-up of the Neutron Star Bearing Gravitational Wave Candidate Events S190425z and S190426c with MMT and SOAR}",
    eprint = "1905.02186",
    archivePrefix = "arXiv",
    primaryClass = "astro-ph.HE",
    doi = "10.3847/2041-8213/ab271c",
    journal = "Astrophys. J. Lett.",
    volume = "880",
    number = "1",
    pages = "L4",
    year = "2019"
}

@article{Coughlin:2019zqi,
    author = "Coughlin, Michael W. and Dietrich, Tim and Antier, Sarah and Bulla, Mattia and Foucart, Francois and Hotokezaka, Kenta and Raaijmakers, Geert and Hinderer, Tanja and Nissanke, Samaya",
    title = "{Implications of the search for optical counterparts during the first six months of the Advanced LIGO's and Advanced Virgo's third observing run: possible limits on the ejecta mass and binary properties}",
    eprint = "1910.11246",
    archivePrefix = "arXiv",
    primaryClass = "astro-ph.HE",
    doi = "10.1093/mnras/stz3457",
    journal = "Mon. Not. Roy. Astron. Soc.",
    volume = "492",
    number = "1",
    pages = "863--876",
    year = "2020"
}


@article{Siegel:2019mlp,
    author = "Siegel, Daniel M.",
    title = "{GW170817--the first observed neutron star merger and its kilonova: implications for the astrophysical site of the r-process}",
    eprint = "1901.09044",
    archivePrefix = "arXiv",
    primaryClass = "astro-ph.HE",
    doi = "10.1140/epja/i2019-12888-9",
    journal = "Eur. Phys. J. A",
    volume = "55",
    number = "11",
    pages = "203",
    year = "2019"
}

@article{Kasen:2017sxr,
    author = "Kasen, Daniel and Metzger, Brian and Barnes, Jennifer and Quataert, Eliot and Ramirez-Ruiz, Enrico",
    title = "{Origin of the heavy elements in binary neutron-star mergers from a gravitational wave event}",
    eprint = "1710.05463",
    archivePrefix = "arXiv",
    primaryClass = "astro-ph.HE",
    doi = "10.1038/nature24453",
    journal = "Nature",
    volume = "551",
    pages = "80",
    year = "2017"
}

@article{Ciolfi:2020wfx,
    author = "Ciolfi, Riccardo and Kalinani, Jay Vijay",
    title = "{Magnetically driven baryon winds from binary neutron star merger remnants and the blue kilonova of August 2017}",
    eprint = "2004.11298",
    archivePrefix = "arXiv",
    primaryClass = "astro-ph.HE",
    month = "4",
    year = "2020"
}


@article{Fujibayashi:2020qda,
    author = "Fujibayashi, Sho and Shibata, Masaru and Wanajo, Shinya and Kiuchi, Kenta and Kyutoku, Koutarou and Sekiguchi, Yuichiro",
    title = "{Mass ejection from disks surrounding a low-mass black hole: Viscous neutrino-radiation hydrodynamics simulation in full general relativity}",
    eprint = "2001.04467",
    archivePrefix = "arXiv",
    primaryClass = "astro-ph.HE",
    doi = "10.1103/PhysRevD.101.083029",
    journal = "Phys. Rev. D",
    volume = "101",
    number = "8",
    pages = "083029",
    year = "2020"
}

@software{maria_babiuc_hamilton_2019_3522086,
  author       = {Maria Babiuc-Hamilton and
                  Steven R. Brandt and
                  Peter Diener and Matthew Elley and
                  Zachariah Etienne and
                  others},
  title        = {The Einstein Toolkit},
  month        = oct,
  year         = 2019,
  publisher    = {Zenodo},
  version      = {The "Mayer" release, ET\_2019\_10},
  doi          = {10.5281/zenodo.3522086},
  note          = {\url{https://doi.org/10.5281/zenodo.3522086}}
}

@article{Bruenn:1985en,
    author = "Bruenn, Stephen W.",
    title = "{Stellar core collapse: Numerical model and infall epoch}",
    doi = "10.1086/191056",
    journal = "Astrophys. J. Suppl.",
    volume = "58",
    pages = "771--841",
    year = "1985"
}

@ARTICLE{1999ApJS..125..277T,
       author = {{Timmes}, F.~X. and {Arnett}, Dave},
        title = "{The Accuracy, Consistency, and Speed of Five Equations of State for Stellar Hydrodynamics}",
      journal = {\apjs},
     keywords = {EQUATION OF STATE, HYDRODYNAMICS, METHODS: NUMERICAL, STARS: GENERAL, STARS: INTERIORS, Equation of State, Hydrodynamics, Methods: Numerical, Stars: General, Stars: Interiors},
         year = 1999,
        month = nov,
       volume = {125},
       number = {1},
        pages = {277-294},
          doi = {10.1086/313271},
       adsurl = {https://ui.adsabs.harvard.edu/abs/1999ApJS..125..277T},
      adsnote = {Provided by the SAO/NASA Astrophysics Data System}
}


@ARTICLE{1998RvMP...70....1B,
       author = {{Balbus}, Steven A. and {Hawley}, John F.},
        title = "{Instability, turbulence, and enhanced transport in accretion disks}",
      journal = {Reviews of Modern Physics},
     keywords = {97.10.Gz, 95.30.Lz, 98.62.Mw, 52.30.-q, 52.35.Ra, 95.30.Qd, Accretion and accretion disks, Hydrodynamics, Infall accretion and accretion disks, Plasma dynamics and flow, Plasma turbulence, Magnetohydrodynamics and plasmas},
         year = 1998,
        month = jan,
       volume = {70},
       number = {1},
        pages = {1-53},
          doi = {10.1103/RevModPhys.70.1},
       adsurl = {https://ui.adsabs.harvard.edu/abs/1998RvMP...70....1B},
      adsnote = {Provided by the SAO/NASA Astrophysics Data System}
}

@article{Balbus:2003xh,
    author = "Balbus, Steven A.",
    title = "{Enhanced angular momentum transport in accretion disks}",
    eprint = "astro-ph/0306208",
    archivePrefix = "arXiv",
    doi = "10.1146/annurev.astro.41.081401.155207",
    journal = "Ann. Rev. Astron. Astrophys.",
    volume = "41",
    pages = "555--597",
    year = "2003"
}