@incollection{beowulfbook-condor,
	author = "Todd Tannenbaum and Derek Wright and Karen Miller and Miron Livny",
	title = "{C}ondor -- A Distributed Job Scheduler",
	editor = "Thomas Sterling",
	booktitle = "Beowulf Cluster Computing with {L}inux",
	publisher = "MIT Press",
	month = "October",
	year = "2001"
}

@article{condor-practice, 
  author    = "Douglas Thain and Todd Tannenbaum and Miron Livny",
  title     = "Distributed computing in practice: the Condor experience.",
  journal   = "Concurrency - Practice and Experience",
  volume    = "17",
  number    = "2-4",
  year      = "2005",
  pages     = "323-356",
}

@Book{Wainstein:1962,
  author	= "L A Wainstein and V D Zubakov",
  title	        = "Extraction of signals from noise",
  publisher	= "Prentice-Hall",
  address	= "Englewood Cliffs, NJ",
  year		= "1962"
}

@article{Wahlquist:1987rx,
      author         = "Wahlquist, H.",
      title          = "{The Doppler Response to Gravitational Waves From a
                        Binary Star Source}",
      journal        = "Gen. Rel. Grav.",
      volume         = "19",
      year           = "1987",
      pages          = "1101-1113",
      doi            = "10.1007/BF00759146",
      SLACcitation   = "%%CITATION = GRGVA,19,1101;%%"
}

@article{Peters:1964zz,
      author         = "Peters, P. C.",
      title          = "{Gravitational Radiation and the Motion of Two Point
                        Masses}",
      journal        = "Phys. Rev.",
      volume         = "136",
      year           = "1964",
      pages          = "B1224-B1232",
      doi            = "10.1103/PhysRev.136.B1224",
      SLACcitation   = "%%CITATION = PHRVA,136,B1224;%%"
}

@book{Creighton:2011zz,
      author         = "Creighton, Jolien D. E. and Anderson, Warren G.",
      title          = "{Gravitational-wave physics and astronomy: An
                        introduction to theory, experiment and data analysis}",
      url            = "http://www.wiley-vch.de/publish/dt/books/ISBN3-527-40886-X",
      journal        = "Weinheim, Germany: Wiley-VCH (2011) 375 p",
      year           = "2011",
      SLACcitation   = "%%CITATION = INSPIRE-944268;%%"
}

@article{Cardoso:2014uka,
      author         = "Cardoso, Vitor and Gualtieri, Leonardo and Herdeiro,
                        Carlos and Sperhake, Ulrich",
      title          = "{Exploring New Physics Frontiers Through Numerical
                        Relativity}",
      journal        = "Living Rev. Relativity",
      volume         = "18",
      year           = "2015",
      pages          = "1",
      doi            = "10.12942/lrr-2015-1, 10.1007/lrr-2015-1",
      eprint         = "1409.0014",
      archivePrefix  = "arXiv",
      primaryClass   = "gr-qc",
      SLACcitation   = "%%CITATION = ARXIV:1409.0014;%%"
}

@article{Berti:2009kk,
      author         = "Berti, Emanuele and Cardoso, Vitor and Starinets, Andrei O.",
      title          = "{Quasinormal modes of black holes and black branes}",
      journal        = "Class. Quant. Grav.",
      volume         = "26",
      year           = "2009",
      pages          = "163001",
      doi            = "10.1088/0264-9381/26/16/163001",
      eprint         = "0905.2975",
      archivePrefix  = "arXiv",
      primaryClass   = "gr-qc",
      SLACcitation   = "%%CITATION = ARXIV:0905.2975;%%"
}

@article{Teukolsky:1972my,
      author         = "Teukolsky, S. A.",
      title          = "{Rotating black holes - separable wave equations for gravitational and electromagnetic perturbations}",
      journal        = "Phys. Rev. Lett.",
      volume         = "29",
      year           = "1972",
      pages          = "1114-1118",
      doi            = "10.1103/PhysRevLett.29.1114",
      reportNumber   = "OAP-291",
      SLACcitation   = "%%CITATION = PRLTA,29,1114;%%"
}

@article{TheLIGOScientific:2014jea,
      author         = "Aasi, J. and others",
      title          = "{Advanced LIGO}",
      collaboration  = "LIGO Scientific",
      journal        = "Class. Quant. Grav.",
      volume         = "32",
      year           = "2015",
      pages          = "074001",
      doi            = "10.1088/0264-9381/32/7/074001",
      eprint         = "1411.4547",
      archivePrefix  = "arXiv",
      primaryClass   = "gr-qc",
      SLACcitation   = "%%CITATION = ARXIV:1411.4547;%%"
}

@article{TheVirgo:2014hva,
      author         = "Acernese, F. and others",
      title          = "{Advanced Virgo: a second-generation interferometric
                        gravitational wave detector}",
      collaboration  = "VIRGO",
      journal        = "Class. Quant. Grav.",
      volume         = "32",
      year           = "2015",
      number         = "2",
      pages          = "024001",
      doi            = "10.1088/0264-9381/32/2/024001",
      eprint         = "1408.3978",
      archivePrefix  = "arXiv",
      primaryClass   = "gr-qc",
      SLACcitation   = "%%CITATION = ARXIV:1408.3978;%%"
}

@article{Abbott:2016blz,
      author         = "Abbott, B. P. and others",
      title          = "{Observation of Gravitational Waves from a Binary Black
                        Hole Merger}",
      collaboration  = "Virgo, LIGO Scientific",
      journal        = "Phys. Rev. Lett.",
      volume         = "116",
      year           = "2016",
      number         = "6",
      pages          = "061102",
      doi            = "10.1103/PhysRevLett.116.061102",
      eprint         = "1602.03837",
      archivePrefix  = "arXiv",
      primaryClass   = "gr-qc",
      reportNumber   = "LIGO-P150914",
      SLACcitation   = "%%CITATION = ARXIV:1602.03837;%%"
}

@article{TheLIGOScientific:2016pea,
      author         = "Abbott, B. P. and others",
      title          = "{Binary Black Hole Mergers in the first Advanced LIGO
                        Observing Run}",
      collaboration  = "Virgo, LIGO Scientific",
      journal        = "Phys. Rev.",
      volume         = "X6",
      year           = "2016",
      number         = "4",
      pages          = "041015",
      doi            = "10.1103/PhysRevX.6.041015",
      eprint         = "1606.04856",
      archivePrefix  = "arXiv",
      primaryClass   = "gr-qc",
      reportNumber   = "LIGO-P1600088",
      SLACcitation   = "%%CITATION = ARXIV:1606.04856;%%"
}

@article{TheLIGOScientific:2016qqj,
      author         = "Abbott, B. P. and others",
      title          = "{GW150914: First results from the search for binary black
                        hole coalescence with Advanced LIGO}",
      collaboration  = "Virgo, LIGO Scientific",
      journal        = "Phys. Rev.",
      volume         = "D93",
      year           = "2016",
      number         = "12",
      pages          = "122003",
      doi            = "10.1103/PhysRevD.93.122003",
      eprint         = "1602.03839",
      archivePrefix  = "arXiv",
      primaryClass   = "gr-qc",
      reportNumber   = "LIGO-P1500269",
      SLACcitation   = "%%CITATION = ARXIV:1602.03839;%%"
}

@article{Abbott:2017vtc,
      author         = "Abbott, Benjamin P. and others",
      title          = "{GW170104: Observation of a 50-Solar-Mass Binary Black
                        Hole Coalescence at Redshift 0.2}",
      collaboration  = "VIRGO, LIGO Scientific",
      journal        = "Phys. Rev. Lett.",
      volume         = "118",
      year           = "2017",
      number         = "22",
      pages          = "221101",
      doi            = "10.1103/PhysRevLett.118.221101",
      eprint         = "1706.01812",
      archivePrefix  = "arXiv",
      primaryClass   = "gr-qc",
      reportNumber   = "LIGO-P170104",
      SLACcitation   = "%%CITATION = ARXIV:1706.01812;%%"
}

@incollection{Hawking:1987en,
      author = "Thorne, K. S.",
      editor         = "Hawking, S. W. and Israel, W.",
      title          = "{THREE HUNDRED YEARS OF GRAVITATION}",
      journal        = "Cambridge, UK: Univ. Pr. (1987) 684 p",
      year           = "1987",
      SLACcitation   = "%%CITATION = INSPIRE-254099;%%"
}

@article{Abbott:2017gyy,
      author         = "Abbott, B. P. and others",
      title          = "{GW170608: Observation of a 19-solar-mass Binary Black
                        Hole Coalescence}",
      collaboration  = "Virgo, LIGO Scientific",
      journal        = "Astrophys. J.",
      volume         = "851",
      year           = "2017",
      number         = "2",
      pages          = "L35",
      doi            = "10.3847/2041-8213/aa9f0c",
      eprint         = "1711.05578",
      archivePrefix  = "arXiv",
      primaryClass   = "astro-ph.HE",
      reportNumber   = "LIGO-DOCUMENT-P170608-V8",
      SLACcitation   = "%%CITATION = ARXIV:1711.05578;%%"
}

@article{Abbott:2017oio,
      author         = "Abbott, B. P. and others",
      title          = "{GW170814: A Three-Detector Observation of Gravitational
                        Waves from a Binary Black Hole Coalescence}",
      collaboration  = "Virgo, LIGO Scientific",
      journal        = "Phys. Rev. Lett.",
      volume         = "119",
      year           = "2017",
      number         = "14",
      pages          = "141101",
      doi            = "10.1103/PhysRevLett.119.141101",
      eprint         = "1709.09660",
      archivePrefix  = "arXiv",
      primaryClass   = "gr-qc",
      SLACcitation   = "%%CITATION = ARXIV:1709.09660;%%"
}

@article{TheLIGOScientific:2017qsa,
      author         = "Abbott, B.â€‰P. and others",
      title          = "{GW170817: Observation of Gravitational Waves from a
                        Binary Neutron Star Inspiral}",
      collaboration  = "Virgo, LIGO Scientific",
      journal        = "Phys. Rev. Lett.",
      volume         = "119",
      year           = "2017",
      number         = "16",
      pages          = "161101",
      doi            = "10.1103/PhysRevLett.119.161101",
      eprint         = "1710.05832",
      archivePrefix  = "arXiv",
      primaryClass   = "gr-qc",
      reportNumber   = "LIGO-P170817",
      SLACcitation   = "%%CITATION = ARXIV:1710.05832;%%"
}

@article{Veitch:2014wba,
      author         = "Veitch, J. and others",
      title          = "{Parameter estimation for compact binaries with
                        ground-based gravitational-wave observations using the
                        LALInference software library}",
      journal        = "Phys. Rev.",
      volume         = "D91",
      year           = "2015",
      number         = "4",
      pages          = "042003",
      doi            = "10.1103/PhysRevD.91.042003",
      eprint         = "1409.7215",
      archivePrefix  = "arXiv",
      primaryClass   = "gr-qc",
      reportNumber   = "LIGO-P1400152",
      SLACcitation   = "%%CITATION = ARXIV:1409.7215;%%"
}

@Article{Veitch:2008wd,
     author    = "Veitch, John and Vecchio, Alberto",
     title     = "{Assigning confidence to inspiral gravitational wave
                  candidates with Bayesian model selection}",
     journal   = "Class. Quant. Grav.",
     volume    = "25",
     year      = "2008",
     pages     = "184010",
     eprint    = "arXiv:0807.4483",
     archivePrefix = "arXiv",
     primaryClass  =  "gr-qc",
     doi       = "10.1088/0264-9381/25/18/184010",
     SLACcitation  = "%%CITATION = 0807.4483;%%"
}

@article{skilling2006,
author = "Skilling, John",
doi = "10.1214/06-BA127",
fjournal = "Bayesian Analysis",
journal = "Bayesian Anal.",
month = "12",
number = "4",
pages = "833--859",
publisher = "International Society for Bayesian Analysis",
title = "Nested sampling for general Bayesian computation",
url = "https://doi.org/10.1214/06-BA127",
volume = "1",
year = "2006"
}

@ARTICLE{metropolis1953,
   author = {{Metropolis}, N. and {Rosenbluth}, A.~W. and {Rosenbluth}, M.~N. and 
	{Teller}, A.~H. and {Teller}, E.},
    title = "{Equation of State Calculations by Fast Computing Machines}",
  journal = {J. Chem. Phys.},
     year = 1953,
    month = jun,
   volume = 21,
    pages = {1087-1092},
      doi = {10.1063/1.1699114},
   adsurl = {http://adsabs.harvard.edu/abs/1953JChPh..21.1087M},
  adsnote = {Provided by the SAO/NASA Astrophysics Data System}
}

@article{hastings1970,
author = {Hastings, W. K.},
title = {Monte Carlo sampling methods using Markov chains and their applications},
journal = {Biometrika},
volume = {57},
number = {1},
pages = {97-109},
year = {1970},
doi = {10.1093/biomet/57.1.97},
URL = {http://dx.doi.org/10.1093/biomet/57.1.97},
eprint = {/oup/backfile/content_public/journal/biomet/57/1/10.1093_biomet_57.1.97/1/57-1-97.pdf}
}

@TechReport{geweke1991,
  author={John F. Geweke},
  title={{Evaluating the accuracy of sampling-based approaches to the calculation of posterior moments}},
  year=1991,
  institution={Federal Reserve Bank of Minneapolis},
  type={Staff Report},
  url={https://ideas.repec.org/p/fip/fedmsr/148.html},
  number={148},
  abstract={Data augmentation and Gibbs sampling are two closely related, sampling-based approaches to the calculation of posterior moments. The fact that each produces a sample whose constituents are neither independent nor identically distributed complicates the assessment of convergence and numerical accuracy of the approximations to the expected value of functions of interest under the posterior. In this paper methods for spectral analysis are used to evaluate numerical accuracy formally and construct diagnostics for convergence. These methods are illustrated in the normal linear model with informative priors, and in the Tobit-censored regression model.},
  keywords={Sampling (Statistics)},
  doi={},
}

@article{gelman1992,
author = "Gelman, Andrew and Rubin, Donald B.",
doi = "10.1214/ss/1177011136",
fjournal = "Statistical Science",
journal = "Statist. Sci.",
month = "11",
number = "4",
pages = "457--472",
publisher = "The Institute of Mathematical Statistics",
title = "Inference from Iterative Simulation Using Multiple Sequences",
url = "https://doi.org/10.1214/ss/1177011136",
volume = "7",
year = "1992"
}

@MISC{Gelman95bayesiandata,
    author = {Andrew Gelman and Christian Robert and Nicolas Chopin and Judith Rousseau},
    title = {Bayesian Data Analysis},
    year = {1995}
}

@Article{Good1980,
author="Good, I. J.",
title="Some history of the hierarchical Bayesian methodology",
journal="Trabajos de Estadistica Y de Investigacion Operativa",
year="1980",
month="Feb",
day="01",
volume="31",
number="1",
pages="489",
abstract="A standard technique in subjective ``Bayesian'' methodology is for a subject (``you'') to make judgements of the probabilities that a physical probability lies in various intervals. In the hierarchical Bayesian technique you make probability judgements (of a higher type, order, level, or stage) concerning the judgements of lower type. The paper will outlinesome of the history of this hierarchical technique with emphasis on the contributions by I. J. Good because I have read every word written by him.",
issn="0041-0241",
doi="10.1007/BF02888365",
url="https://doi.org/10.1007/BF02888365"
}


@ARTICLE{emcee,
   author = {{Foreman-Mackey}, D. and {Hogg}, D.~W. and {Lang}, D. and {Goodman}, J.
	},
    title = "{emcee: The MCMC Hammer}",
  journal = {Publ. Astron. Soc. Pac.},
archivePrefix = "arXiv",
   eprint = {1202.3665},
 primaryClass = "astro-ph.IM",
     year = 2013,
    month = mar,
   volume = 125,
    pages = {306},
      doi = {10.1086/670067},
   adsurl = {http://adsabs.harvard.edu/abs/2013PASP..125..306F},
  adsnote = {Provided by the SAO/NASA Astrophysics Data System}
}

@article{kombine,
   author = {{Farr}, B. and {Farr}, W.~M.},
    title = {kombine: a kernel-density-based, embarrassingly parallel ensemble sampler},
     year = 2015,
     note = "in prep"
}

@article{PhysRevD.97.124069,
  title = {Observational tests of the black hole area increase law},
  author = {Cabero, Miriam and Capano, Collin D. and Fischer-Birnholtz, Ofek and Krishnan, Badri and Nielsen, Alex B. and Nitz, Alexander H. and Biwer, Christopher M.},
  journal = {Phys. Rev. D},
  volume = {97},
  issue = {12},
  pages = {124069},
  numpages = {14},
  year = {2018},
  month = {Jun},
  publisher = {American Physical Society},
  doi = {10.1103/PhysRevD.97.124069},
  url = {https://link.aps.org/doi/10.1103/PhysRevD.97.124069}
}

@article{PhysRev.131.435,
  title = {Gravitational Radiation from Point Masses in a Keplerian Orbit},
  author = {Peters, P. C. and Mathews, J.},
  journal = {Phys. Rev.},
  volume = {131},
  issue = {1},
  pages = {435--440},
  numpages = {0},
  year = {1963},
  month = {Jul},
  publisher = {American Physical Society},
  doi = {10.1103/PhysRev.131.435},
  url = {https://link.aps.org/doi/10.1103/PhysRev.131.435}
}

@article{Hannam:2013uu,
      author         = "Hannam, Mark and Brown, Duncan A. and Fairhurst, Stephen
                        and Fryer, Chris L. and Harry, Ian W.",
      title          = "{When can gravitational-wave observations distinguish
                        between black holes and neutron stars?}",
      journal        = "Astrophys. J.",
      volume         = "766",
      year           = "2013",
      pages          = "L14",
      doi            = "10.1088/2041-8205/766/1/L14",
      eprint         = "1301.5616",
      archivePrefix  = "arXiv",
      primaryClass   = "gr-qc",
      reportNumber   = "NSF-KITP-13-013",
      SLACcitation   = "%%CITATION = ARXIV:1301.5616;%%"
}


@article{Finstad:2018wid,
      author         = "Finstad, Daniel and De, Soumi and Brown, Duncan A. and
                        Berger, Edo and Biwer, Christopher M.",
      title          = "{Measuring the viewing angle of GW170817 with
                        electromagnetic and gravitational waves}",
      journal        = "Astrophys. J. Lett.",
      volume         = "860",
      year           = "2018",
      pages          = "L2",
      doi            = "10.3847/2041-8213/aac6c1",
      eprint         = "1804.04179",
      archivePrefix  = "arXiv",
      primaryClass   = "astro-ph.HE",
      SLACcitation   = "%%CITATION = ARXIV:1804.04179;%%"
}

@article{De:2018uhw,
      author         = "De, Soumi and Finstad, Daniel and Lattimer, James M. and
                        Brown, Duncan A. and Berger, Edo and Biwer, Christopher
                        M.",
      title          = "{Constraining the nuclear equation of state with
                        GW170817}",
      journal        = "Phys. Rev. Lett.",
      volume         = "121",
      year           = "2018",
      number         = "9",
      pages          = "091102",
      doi            = "10.1103/PhysRevLett.121.091102",
      eprint         = "1804.08583",
      archivePrefix  = "arXiv",
      primaryClass   = "astro-ph.HE",
      SLACcitation   = "%%CITATION = ARXIV:1804.08583;%%"
}

@article{Allen:2005fk,
      author         = "Allen, Bruce and Anderson, Warren G. and Brady, Patrick
                        R. and Brown, Duncan A. and Creighton, Jolien D. E.",
      title          = "{FINDCHIRP: An Algorithm for detection of gravitational
                        waves from inspiraling compact binaries}",
      journal        = "Phys. Rev.",
      volume         = "D85",
      year           = "2012",
      pages          = "122006",
      doi            = "10.1103/PhysRevD.85.122006",
}

@article{Hannam:2013oca,
      author         = "Hannam, Mark and Schmidt, Patricia and BohÃ©, Alejandro
                        and Haegel, LeÃ¯la and Husa, Sascha and Ohme, Frank and
                        Pratten, Geraint and PÃ¼rrer, Michael",
      title          = "{Simple Model of Complete Precessing Black-Hole-Binary
                        Gravitational Waveforms}",
      journal        = "Phys. Rev. Lett.",
      volume         = "113",
      year           = "2014",
      number         = "15",
      pages          = "151101",
      doi            = "10.1103/PhysRevLett.113.151101",
      eprint         = "1308.3271",
      archivePrefix  = "arXiv",
      primaryClass   = "gr-qc",
      SLACcitation   = "%%CITATION = ARXIV:1308.3271;%%"
}

@misc{lal,
year = 2017,
note = {{https://git.ligo.org/lscsoft/lalsuite}},
publisher = {Commit hash version \texttt{8cbd1b7187}},
author = {Mercer, R. A. and others},
title = {{LIGO Algorithm Library}}
}

@misc{lallib,
    year = "2018",
    doi = "https://doi.org/10.7935/GT1W-FZ16",
    title = {LIGO Algorithm Library, LIGO Scientific Collaboration},
    note = {https://git.ligo.org/lscsoft/lalsuite}
}

@article{Schmidt:2014iyl,
      author         = "Schmidt, Patricia and Ohme, Frank and Hannam, Mark",
      title          = "{Towards models of gravitational waveforms from generic
                        binaries II: Modelling precession effects with a single
                        effective precession parameter}",
      journal        = "Phys. Rev.",
      volume         = "D91",
      year           = "2015",
      number         = "2",
      pages          = "024043",
      doi            = "10.1103/PhysRevD.91.024043",
      eprint         = "1408.1810",
      archivePrefix  = "arXiv",
      primaryClass   = "gr-qc",
      SLACcitation   = "%%CITATION = ARXIV:1408.1810;%%"
}

@article{Schutz:1986gp,
      author         = "Schutz, Bernard F.",
      title          = "{Determining the Hubble Constant from Gravitational Wave
                        Observations}",
      journal        = "Nature",
      volume         = "323",
      year           = "1986",
      pages          = "310-311",
      doi            = "10.1038/323310a0",
      SLACcitation   = "%%CITATION = NATUA,323,310;%%"
}


@article{Madras:1988ei,
      author         = "Madras, Neal and Sokal, Alan D.",
      title          = "{The Pivot algorithm: a highly efficient Monte Carlo
                        method for selfavoiding walk}",
      journal        = "J. Statist. Phys.",
      volume         = "50",
      year           = "1988",
      pages          = "109-186",
      doi            = "10.1007/BF01022990",
      SLACcitation   = "%%CITATION = JSTPB,50,109;%%"
}

@article{Vallisneri:2014vxa,
      author         = "Vallisneri, Michele and Kanner, Jonah and Williams, Roy
                        and Weinstein, Alan and Stephens, Branson",
      title          = "{The LIGO Open Science Center}",
      booktitle      = "{Proceedings, 10th International LISA Symposium:
                        Gainesville, Florida, USA, May 18-23, 2014}",
      journal        = "J. Phys. Conf. Ser.",
      volume         = "610",
      year           = "2015",
      number         = "1",
      pages          = "012021",
      doi            = "10.1088/1742-6596/610/1/012021",
      eprint         = "1410.4839",
      archivePrefix  = "arXiv",
      primaryClass   = "gr-qc",
      SLACcitation   = "%%CITATION = ARXIV:1410.4839;%%"
}

@article{TheLIGOScientific:2016wfe,
      author         = "Abbott, B. P. and others",
      title          = "{Properties of the Binary Black Hole Merger GW150914}",
      collaboration  = "Virgo, LIGO Scientific",
      journal        = "Phys. Rev. Lett.",
      volume         = "116",
      year           = "2016",
      number         = "24",
      pages          = "241102",
      doi            = "10.1103/PhysRevLett.116.241102",
      eprint         = "1602.03840",
      archivePrefix  = "arXiv",
      primaryClass   = "gr-qc",
      reportNumber   = "LIGO-P1500218",
      SLACcitation   = "%%CITATION = ARXIV:1602.03840;%%"
}

@techreport{Veitch:2013dcc,
	author			= "Veitch, John and Del Pozzo, Walter",
    title			= "Analytic marginalization of phase parameter",
    year		    = "2013",
    institution		= "LIGO-T1300326",
    url				= "https://dcc.ligo.org/LIGO-T1300326"
}

@misc{WFarr:privatecc,
	author			= "Farr, Will",
    howpublished	= "\textit{personal communication}"
}

@misc{BFarr:privatecc,
	author			= "Farr, Ben",
    howpublished	= "\textit{personal communication}"
}

@article{Buonanno:1998gg,
      author         = "Buonanno, A. and Damour, T.",
      title          = "{Effective one-body approach to general relativistic
                        two-body dynamics}",
      journal        = "Phys. Rev.",
      volume         = "D59",
      year           = "1999",
      pages          = "084006",
      doi            = "10.1103/PhysRevD.59.084006",
      eprint         = "gr-qc/9811091",
      archivePrefix  = "arXiv",
      primaryClass   = "gr-qc",
      reportNumber   = "IHES-P-98-74",
      SLACcitation   = "%%CITATION = GR-QC/9811091;%%"
}

@article{Buonanno:2000ef,
      author         = "Buonanno, Alessandra and Damour, Thibault",
      title          = "{Transition from inspiral to plunge in binary black hole
                        coalescences}",
      journal        = "Phys. Rev.",
      volume         = "D62",
      year           = "2000",
      pages          = "064015",
      doi            = "10.1103/PhysRevD.62.064015",
      eprint         = "gr-qc/0001013",
      archivePrefix  = "arXiv",
      primaryClass   = "gr-qc",
      reportNumber   = "IHES-P-99-90, GRP-99-521",
      SLACcitation   = "%%CITATION = GR-QC/0001013;%%"
}

@article{Damour:2000we,
      author         = "Damour, Thibault and Jaranowski, Piotr and Schaefer,
                        Gerhard",
      title          = "{On the determination of the last stable orbit for
                        circular general relativistic binaries at the third
                        postNewtonian approximation}",
      journal        = "Phys. Rev.",
      volume         = "D62",
      year           = "2000",
      pages          = "084011",
      doi            = "10.1103/PhysRevD.62.084011",
      eprint         = "gr-qc/0005034",
      archivePrefix  = "arXiv",
      primaryClass   = "gr-qc",
      SLACcitation   = "%%CITATION = GR-QC/0005034;%%"
}

@article{Damour:2001tu,
      author         = "Damour, Thibault",
      title          = "{Coalescence of two spinning black holes: an effective
                        one-body approach}",
      journal        = "Phys. Rev.",
      volume         = "D64",
      year           = "2001",
      pages          = "124013",
      doi            = "10.1103/PhysRevD.64.124013",
      eprint         = "gr-qc/0103018",
      archivePrefix  = "arXiv",
      primaryClass   = "gr-qc",
      reportNumber   = "IHES-P-01-11",
      SLACcitation   = "%%CITATION = GR-QC/0103018;%%"
}

@article{Blanchet2006,
author="Blanchet, Luc",
title="Gravitational Radiation from Post-Newtonian Sources and Inspiralling Compact Binaries",
journal="Living Reviews in Relativity",
year="2006",
month="Jun",
day="01",
volume="9",
number="1",
pages="4",
issn="1433-8351",
doi="10.12942/lrr-2006-4",
url="https://doi.org/10.12942/lrr-2006-4"
}

@article{Ajith:2009bn,
      author         = "Ajith, P. and others",
      title          = "{Inspiral-merger-ringdown waveforms for black-hole
                        binaries with non-precessing spins}",
      journal        = "Phys. Rev. Lett.",
      volume         = "106",
      year           = "2011",
      pages          = "241101",
      doi            = "10.1103/PhysRevLett.106.241101",
      eprint         = "0909.2867",
      archivePrefix  = "arXiv",
      primaryClass   = "gr-qc",
      SLACcitation   = "%%CITATION = ARXIV:0909.2867;%%"
}

@article{Ajith:2007qp,
      author         = "Ajith, Parameswaran and others",
      title          = "{Phenomenological template family for black-hole
                        coalescence waveforms}",
      booktitle      = "{Gravitational wave data analysis. Proceedings: 11th
                        Workshop, GWDAW-11, Potsdam, Germany, Dec 18-21, 2006}",
      journal        = "Class. Quant. Grav.",
      volume         = "24",
      year           = "2007",
      pages          = "S689-S700",
      doi            = "10.1088/0264-9381/24/19/S31",
      eprint         = "0704.3764",
      archivePrefix  = "arXiv",
      primaryClass   = "gr-qc",
      SLACcitation   = "%%CITATION = ARXIV:0704.3764;%%"
}

@article{Santamaria:2010yb,
      author         = "Santamaria, L. and others",
      title          = "{Matching post-Newtonian and numerical relativity
                        waveforms: systematic errors and a new phenomenological
                        model for non-precessing black hole binaries}",
      journal        = "Phys. Rev.",
      volume         = "D82",
      year           = "2010",
      pages          = "064016",
      doi            = "10.1103/PhysRevD.82.064016",
      eprint         = "1005.3306",
      archivePrefix  = "arXiv",
      primaryClass   = "gr-qc",
      reportNumber   = "LIGO-P1000048, AEI-2010-122",
      SLACcitation   = "%%CITATION = ARXIV:1005.3306;%%"
}

@article{Taracchini:2013rva,
      author         = "Taracchini, Andrea and others",
      title          = "{Effective-one-body model for black-hole binaries with
                        generic mass ratios and spins}",
      journal        = "Phys. Rev.",
      volume         = "D89",
      year           = "2014",
      number         = "6",
      pages          = "061502",
      doi            = "10.1103/PhysRevD.89.061502",
      eprint         = "1311.2544",
      archivePrefix  = "arXiv",
      primaryClass   = "gr-qc",
      SLACcitation   = "%%CITATION = ARXIV:1311.2544;%%"
}

@article{Bohe:2016gbl,
      author         = "BohÃ©, Alejandro and others",
      title          = "{Improved effective-one-body model of spinning,
                        nonprecessing binary black holes for the era of
                        gravitational-wave astrophysics with advanced detectors}",
      journal        = "Phys. Rev.",
      volume         = "D95",
      year           = "2017",
      number         = "4",
      pages          = "044028",
      doi            = "10.1103/PhysRevD.95.044028",
      eprint         = "1611.03703",
      archivePrefix  = "arXiv",
      primaryClass   = "gr-qc",
      reportNumber   = "LIGO-P1600315",
      SLACcitation   = "%%CITATION = ARXIV:1611.03703;%%"
}

@article{Sathyaprakash:1991mt,
      author         = "Sathyaprakash, B. S. and Dhurandhar, S. V.",
      title          = "{Choice of filters for the detection of gravitational
                        waves from coalescing binaries}",
      journal        = "Phys. Rev.",
      volume         = "D44",
      year           = "1991",
      pages          = "3819-3834",
      doi            = "10.1103/PhysRevD.44.3819",
}

@article{Bohe:2013cla,
      author         = "Bohe, Alejandro and Marsat, Sylvain and Blanchet, Luc",
      title          = "{Next-to-next-to-leading order spinâ€“orbit effects in
                        the gravitational wave flux and orbital phasing of compact
                        binaries}",
      journal        = "Class. Quant. Grav.",
      volume         = "30",
      year           = "2013",
      pages          = "135009",
      doi            = "10.1088/0264-9381/30/13/135009",
}

@article{Vines:2011ud,
      author         = "Vines, Justin and Flanagan, Eanna E. and Hinderer, Tanja",
      title          = "{Post-1-Newtonian tidal effects in the gravitational
                        waveform from binary inspirals}",
      journal        = "Phys. Rev.",
      volume         = "D83",
      year           = "2011",
      pages          = "084051",
      doi            = "10.1103/PhysRevD.83.084051",
      primaryClass   = "gr-qc",
      SLACcitation   = "%%CITATION = ARXIV:1101.1673;%%"
}

@article{Buonanno:2009zt,
      author         = "Buonanno, Alessandra and others",
      title          = "{Comparison of post-Newtonian templates for compact
                        binary inspiral signals in gravitational-wave detectors}",
      journal        = "Phys. Rev.",
      volume         = "D80",
      year           = "2009",
      pages          = "084043",
      doi            = "10.1103/PhysRevD.80.084043",
}

@article{Mikoczi:2005dn,
      author         = "Mikoczi, Balazs and Vasuth, Matyas and Gergely, Laszlo
                        A.",
      title          = "{Self-interaction spin effects in inspiralling compact
                        binaries}",
      journal        = "Phys. Rev.",
      volume         = "D71",
      year           = "2005",
      pages          = "124043",
      doi            = "10.1103/PhysRevD.71.124043",
}

@article{Arun:2008kb,
      author         = "Arun, K. G. and Buonanno, Alessandra and Faye, Guillaume
                        and Ochsner, Evan",
      title          = "{Higher-order spin effects in the amplitude and phase of
                        gravitational waveforms emitted by inspiraling compact
                        binaries: Ready-to-use gravitational waveforms}",
      journal        = "Phys. Rev.",
      volume         = "D79",
      year           = "2009",
      pages          = "104023",
      doi            = "10.1103/PhysRevD.79.104023, 10.1103/PhysRevD.84.049901",
      note           = "[Erratum: Phys. Rev.D84,049901(2011)]",
      primaryClass   = "gr-qc",
      SLACcitation   = "%%CITATION = ARXIV:0810.5336;%%"
}

@article{Purrer:2015tud,
      author         = "PÃ¼rrer, Michael",
      title          = "{Frequency domain reduced order model of aligned-spin
                        effective-one-body waveforms with generic mass-ratios and
                        spins}",
      journal        = "Phys. Rev.",
      volume         = "D93",
      year           = "2016",
      number         = "6",
      pages          = "064041",
      doi            = "10.1103/PhysRevD.93.064041",
      eprint         = "1512.02248",
      archivePrefix  = "arXiv",
      primaryClass   = "gr-qc",
      SLACcitation   = "%%CITATION = ARXIV:1512.02248;%%"
}

@article{Lackey:2016krb,
      author         = "Lackey, Benjamin D. and Bernuzzi, Sebastiano and Galley,
                        Chad R. and Meidam, Jeroen and Van Den Broeck, Chris",
      title          = "{Effective-one-body waveforms for binary neutron stars
                        using surrogate models}",
      journal        = "Phys. Rev.",
      volume         = "D95",
      year           = "2017",
      number         = "10",
      pages          = "104036",
      doi            = "10.1103/PhysRevD.95.104036",
      eprint         = "1610.04742",
      archivePrefix  = "arXiv",
      primaryClass   = "gr-qc",
      SLACcitation   = "%%CITATION = ARXIV:1610.04742;%%"
}

@article{Brown:2012qf,
      author         = "Brown, Duncan A. and others",
      title          = "{Detecting binary neutron star systems with spin in
                        advanced gravitational-wave detectors}",
      journal        = "Phys. Rev.",
      volume         = "D86",
      year           = "2012",
      pages          = "084017",
      doi            = "10.1103/PhysRevD.86.084017",
}

@article{Flanagan:2007ix,
      author         = "Flanagan, Eanna E. and Hinderer, Tanja",
      title          = "{Constraining neutron star tidal Love numbers with
                        gravitational wave detectors}",
      journal        = "Phys. Rev.",
      volume         = "D77",
      year           = "2008",
      pages          = "021502",
      doi            = "10.1103/PhysRevD.77.021502",
}

@article{Hinderer:2007mb,
      author         = "Hinderer, Tanja",
      title          = "{Tidal Love numbers of neutron stars}",
      journal        = "Astrophys. J.",
      volume         = "677",
      year           = "2008",
      pages          = "1216-1220",
      doi            = "10.1086/533487",
}

@article{Finn:1992xs,
      author         = "Finn, Lee Samuel and Chernoff, David F.",
      title          = "{Observing binary inspiral in gravitational radiation:
                        One interferometer}",
      journal        = "Phys. Rev.",
      volume         = "D47",
      year           = "1993",
      pages          = "2198-2219",
      doi            = "10.1103/PhysRevD.47.2198",
      eprint         = "gr-qc/9301003",
      archivePrefix  = "arXiv",
      primaryClass   = "gr-qc",
      reportNumber   = "PRINT-93-0138 (NORTHWESTERN)",
      SLACcitation   = "%%CITATION = GR-QC/9301003;%%"
}

@article{Cutler:1994ys,
      author         = "Cutler, Curt and Flanagan, Eanna E.",
      title          = "{Gravitational waves from merging compact binaries: How
                        accurately can one extract the binary's parameters from
                        the inspiral wave form?}",
      journal        = "Phys. Rev.",
      volume         = "D49",
      year           = "1994",
      pages          = "2658-2697",
      doi            = "10.1103/PhysRevD.49.2658",
      eprint         = "gr-qc/9402014",
      archivePrefix  = "arXiv",
      primaryClass   = "gr-qc",
      reportNumber   = "GRP-369",
      SLACcitation   = "%%CITATION = GR-QC/9402014;%%"
}

@article{Finn:1992wt,
      author         = "Finn, Lee S.",
      title          = "{Detection, measurement and gravitational radiation}",
      journal        = "Phys. Rev.",
      volume         = "D46",
      year           = "1992",
      pages          = "5236-5249",
      doi            = "10.1103/PhysRevD.46.5236",
      eprint         = "gr-qc/9209010",
      archivePrefix  = "arXiv",
      primaryClass   = "gr-qc",
      reportNumber   = "PRINT-93-0128 (NORTHWESTERN)",
      SLACcitation   = "%%CITATION = GR-QC/9209010;%%"
}

@article{Nicholson:1997qh,
      author         = "Nicholson, David and Vecchio, Alberto",
      title          = "{Bayesian bounds on parameter estimation accuracy for
                        compact coalescing binary gravitational wave signals}",
      journal        = "Phys. Rev.",
      volume         = "D57",
      year           = "1998",
      pages          = "4588-4599",
      doi            = "10.1103/PhysRevD.57.4588",
      eprint         = "gr-qc/9705064",
      archivePrefix  = "arXiv",
      primaryClass   = "gr-qc",
      SLACcitation   = "%%CITATION = GR-QC/9705064;%%"
}

@article{Christensen:2001cr,
      author         = "Christensen, Nelson and Meyer, Renate",
      title          = "{Using Markov chain Monte Carlo methods for estimating
                        parameters with gravitational radiation data}",
      journal        = "Phys. Rev.",
      volume         = "D64",
      year           = "2001",
      pages          = "022001",
      doi            = "10.1103/PhysRevD.64.022001",
      eprint         = "gr-qc/0102018",
      archivePrefix  = "arXiv",
      primaryClass   = "gr-qc",
      SLACcitation   = "%%CITATION = GR-QC/0102018;%%"
}

@article{KassRaftery:1995,
author = { Robert E.   Kass  and  Adrian E.   Raftery },
title = {Bayes Factors},
journal = {Journal of the American Statistical Association},
volume = {90},
number = {430},
pages = {773-795},
year  = {1995},
publisher = {Taylor & Francis},
doi = {10.1080/01621459.1995.10476572}
}  
}

@INPROCEEDINGS{skilling:2004,
   author = {{Skilling}, J.},
    title = "{Nested Sampling}",
 keywords = {Inference methods},
booktitle = {American Institute of Physics Conference Series},
     year = 2004,
   series = {American Institute of Physics Conference Series},
   volume = 735,
   editor = {{Fischer}, R. and {Preuss}, R. and {Toussaint}, U.~V.},
    month = nov,
    pages = {395-405},
      doi = {10.1063/1.1835238},
   adsurl = {http://adsabs.harvard.edu/abs/2004AIPC..735..395S},
  adsnote = {Provided by the SAO/NASA Astrophysics Data System}
}

@article{GelmanMeng:1998,
 ISSN = {08834237},
 URL = {http://www.jstor.org/stable/2676756},
 journal = {Statistical Science},
 number = {2},
 pages = {163--185},
 publisher = {Institute of Mathematical Statistics},
 title = {Simulating Normalizing Constants: From Importance Sampling to Bridge Sampling to Path Sampling},
 volume = {13},
 year = {1998}
}

@article{Finn:1995ah,
      author         = "Finn, Lee Samuel",
      title          = "{Binary inspiral, gravitational radiation, and
                        cosmology}",
      journal        = "Phys. Rev.",
      volume         = "D53",
      year           = "1996",
      pages          = "2878-2894",
      doi            = "10.1103/PhysRevD.53.2878",
      eprint         = "gr-qc/9601048",
      archivePrefix  = "arXiv",
      primaryClass   = "gr-qc",
      SLACcitation   = "%%CITATION = GR-QC/9601048;%%"
}

@book{Jaynes:2003jaq,
      author         = "Jaynes, E. T.",
      title          = "{Probability Theory: The Logic of Science}",
      publisher      = "CUP",
      year           = "2003",
      ISBN           = "9780521592710",
      SLACcitation   = "%%CITATION = INSPIRE-1488080;%%"
}

@book{Gilks:1996,
      author = "Gilks, W. R. and Richardson, S. and Spiegelhalter, D. J.",
      title  = "{Markov Chain Monte Carlo in Practice, Chapman and Hall, London, 1996}"     
}

@book{Gelman_bayesian_data_ana2,
      author = "Gelman, A and Carlin, J. B. and Stern, H. S. and Rubin, D. B.",
      title  = "{Bayesian Data Analysis, Second Edition}"     
}      
      
@article{Metropolis:1953am,
      author         = "Metropolis, N. and Rosenbluth, A. W. and Rosenbluth, M.
                        N. and Teller, A. H. and Teller, E.",
      title          = "{Equation of state calculations by fast computing
                        machines}",
      journal        = "J. Chem. Phys.",
      volume         = "21",
      year           = "1953",
      pages          = "1087-1092",
      doi            = "10.1063/1.1699114",
      SLACcitation   = "%%CITATION = JCPSA,21,1087;%%"
}

@ARTICLE{geman:1984,
author={S. Geman and D. Geman},
journal={IEEE Transactions on Pattern Analysis and Machine Intelligence},
title={Stochastic Relaxation, Gibbs Distributions, and the Bayesian Restoration of Images},
year={1984},
volume={PAMI-6},
number={6},
pages={721-741},
doi={10.1109/TPAMI.1984.4767596},
ISSN={0162-8828},
month={Nov},}

@article{Bayes:1763,
      author        = "Bayes, M. and Price, M.",
      title         = "{An Essay towards Solving a Problem in the Doctrine of Chances.}",
      year         = "1763",
      doi         = "10.1098/rstl.1763.0053",
      journal         = "Philosophical Transactions (1683-1775)",
       vol         = "53",
       url         = "http://dx.doi.org/10.1098/rstl.1763.0053"
} 

@article{Canton:2014ena,
  author         = "Dal Canton, Tito and others",
  title          = "{Implementing a search for aligned-spin neutron
                    star-black hole systems with advanced ground based
                    gravitational wave detectors}",
  journal        = "Phys. Rev.",
  volume         = "D90",
  year           = "2014",
  number         = "8",
  pages          = "082004",
  doi            = "10.1103/PhysRevD.90.082004",
  eprint         = "1405.6731",
  archivePrefix  = "arXiv",
  primaryClass   = "gr-qc",
  reportNumber   = "LIGO-P1400053",
  SLACcitation   = "%%CITATION = ARXIV:1405.6731;%%"
}

@article{Usman:2015kfa,
  author         = "Usman, Samantha A. and others",
  title          = "{The PyCBC search for gravitational waves from compact
                    binary coalescence}",
  journal        = "Class. Quant. Grav.",
  volume         = "33",
  year           = "2016",
  number         = "21",
  pages          = "215004",
  doi            = "10.1088/0264-9381/33/21/215004",
  eprint         = "1508.02357",
  archivePrefix  = "arXiv",
  primaryClass   = "gr-qc",
  reportNumber   = "LIGO-P1500086",
  SLACcitation   = "%%CITATION = ARXIV:1508.02357;%%"
}

@article{Nitz:2017svb,
  author         = "Nitz, Alexander H. and Dent, Thomas and Dal Canton, Tito
                    and Fairhurst, Stephen and Brown, Duncan A.",
  title          = "{Detecting binary compact-object mergers with
                    gravitational waves: Understanding and Improving the
                    sensitivity of the PyCBC search}",
  journal        = "Astrophys. J.",
  volume         = "849",
  year           = "2017",
  number         = "2",
  pages          = "118",
  doi            = "10.3847/1538-4357/aa8f50",
  eprint         = "1705.01513",
  archivePrefix  = "arXiv",
  primaryClass   = "gr-qc",
  reportNumber   = "LIGO-P1700088-V4",
  SLACcitation   = "%%CITATION = ARXIV:1705.01513;%%"
}

@article{Christensen:2004bc,
      author         = "Christensen, N. and Libson, A. and Meyer, R.",
      title          = "{A Metropolis-Hastings routine for estimating parameters
                        from compact binary inspiral events with laser
                        interferometric gravitational radiation data}",
      journal        = "Class. Quant. Grav.",
      volume         = "21",
      year           = "2004",
      pages          = "317-330",
      doi            = "10.1088/0264-9381/21/1/023",
      SLACcitation   = "%%CITATION = CQGRD,21,317;%%"
}

@article{Christensen:2004jm,
      author         = "Christensen, Nelson and Dupuis, Rejean J. and Woan,
                        Graham and Meyer, Renate",
      title          = "{A Metropolis-Hastings algorithm for extracting periodic
                        gravitational wave signals from laser interferometric
                        detector data}",
      journal        = "Phys. Rev.",
      volume         = "D70",
      year           = "2004",
      pages          = "022001",
      doi            = "10.1103/PhysRevD.70.022001",
      eprint         = "gr-qc/0402038",
      archivePrefix  = "arXiv",
      primaryClass   = "gr-qc",
      SLACcitation   = "%%CITATION = GR-QC/0402038;%%"
}

@article{Rover:2006bb,
      author         = "Rover, Christian and Meyer, Renate and Christensen,
                        Nelson",
      title          = "{Coherent Bayesian inference on compact binary inspirals
                        using a network of interferometric gravitational wave
                        detectors}",
      journal        = "Phys. Rev.",
      volume         = "D75",
      year           = "2007",
      pages          = "062004",
      doi            = "10.1103/PhysRevD.75.062004",
      eprint         = "gr-qc/0609131",
      archivePrefix  = "arXiv",
      primaryClass   = "gr-qc",
      SLACcitation   = "%%CITATION = GR-QC/0609131;%%"
}

@article{Rover:2006ni,
      author         = "Rover, Christian and Meyer, Renate and Christensen,
                        Nelson",
      title          = "{Bayesian inference on compact binary inspiral
                        gravitational radiation signals in interferometric data}",
      journal        = "Class. Quant. Grav.",
      volume         = "23",
      year           = "2006",
      pages          = "4895-4906",
      doi            = "10.1088/0264-9381/23/15/009",
      eprint         = "gr-qc/0602067",
      archivePrefix  = "arXiv",
      primaryClass   = "gr-qc",
      SLACcitation   = "%%CITATION = GR-QC/0602067;%%"
}

@misc{alex_nitz_2018_1410598,
  author       = {Alex Nitz and
                  Ian Harry and
                  Duncan Brown and
                  Christopher M. Biwer and
                  Josh Willis and
                  Tito Dal Canton and
                  Larne Pekowsky and
                  Collin Capano and
                  Thomas Dent and
                  Andrew R. Williamson and
                  Soumi De and Miriam Cabero others},
  title        = {gwastro/pycbc: 1.12.3 Release},
  month        = sep,
  year         = 2018,
  doi          = {10.5281/zenodo.1410598},
  url          = {https://doi.org/10.5281/zenodo.1410598}
}

@misc{emcee_repo,
  author       = {Dan Foreman-Mackey and others},
  title        = {dfm/emcee: emcee v3.0rc1},
  month        = jun,
  year         = 2018,
  doi          = {10.5281/zenodo.1297477},
  url          = {https://doi.org/10.5281/zenodo.1297477}
}

@misc{ptemcee_repo,
  author       = {Will Vousden and
                  others},
  month        = aug,
  year         = 2015,
  url          = {https://github.com/willvousden/ptemcee}
}

@misc{kombine_repo,
  author       = {Ben Farr and
                  others},
  month        = mar,
  year         = 2018,
  url          = {https://github.com/bfarr/kombine}
}

@article{vousden:2016,
author = {Vousden, W. D. and Farr, W. M. and Mandel, I.},
title = {Dynamic temperature selection for parallel tempering in Markov chain Monte Carlo simulations},
journal = {Monthly Notices of the Royal Astronomical Society},
volume = {455},
number = {2},
pages = {1919-1937},
year = {2016},
doi = {10.1093/mnras/stv2422},
URL = {http://dx.doi.org/10.1093/mnras/stv2422},
}

@article{Farr:2015lna,
      author         = "Farr, Ben and others",
      title          = "{Parameter estimation on gravitational waves from
                        neutron-star binaries with spinning components}",
      journal        = "Astrophys. J.",
      volume         = "825",
      year           = "2016",
      number         = "2",
      pages          = "116",
      doi            = "10.3847/0004-637X/825/2/116",
      eprint         = "1508.05336",
      archivePrefix  = "arXiv",
      primaryClass   = "astro-ph.HE",
      reportNumber   = "LIGO-P1500117",
      SLACcitation   = "%%CITATION = ARXIV:1508.05336;%%"
}

@article{Hastings:1970aa,
      author         = "Hastings, W. K.",
      title          = "{Monte Carlo Sampling Methods Using Markov Chains and
                        Their Applications}",
      journal        = "Biometrika",
      volume         = "57",
      year           = "1970",
      pages          = "97-109",
      doi            = "10.1093/biomet/57.1.97",
      SLACcitation   = "%%CITATION = BIOKA,57,97;%%"
}

@article{Abbott:2016izl,
      author         = "Abbott, Thomas D. and others",
      title          = "{Improved analysis of GW150914 using a fully
                        spin-precessing waveform Model}",
      collaboration  = "Virgo, LIGO Scientific",
      journal        = "Phys. Rev.",
      volume         = "X6",
      year           = "2016",
      number         = "4",
      pages          = "041014",
      doi            = "10.1103/PhysRevX.6.041014",
      eprint         = "1606.01210",
      archivePrefix  = "arXiv",
      primaryClass   = "gr-qc",
      reportNumber   = "LIGO-P1600048",
      SLACcitation   = "%%CITATION = ARXIV:1606.01210;%%"
}

@article{Miller:2014aaa,
      author         = "Miller, M. Coleman and Miller, Jon M.",
      title          = "{The Masses and Spins of Neutron Stars and Stellar-Mass
                        Black Holes}",
      journal        = "Phys. Rept.",
      volume         = "548",
      year           = "2014",
      pages          = "1-34",
      doi            = "10.1016/j.physrep.2014.09.003",
      eprint         = "1408.4145",
      archivePrefix  = "arXiv",
      primaryClass   = "astro-ph.HE",
      SLACcitation   = "%%CITATION = ARXIV:1408.4145;%%"
}

@book{Chen2000,
author="Chen, Ming-Hui
and Shao, Qi-Man
and Ibrahim, Joseph G.",
title="Computing Bayesian Credible and HPD Intervals",
bookTitle="Monte Carlo Methods in Bayesian Computation",
year="2000",
publisher="Springer New York",
address="New York, NY",
pages="213--235",
isbn="978-1-4612-1276-8",
doi="10.1007/978-1-4612-1276-8_7",
}

@misc{scipy_kde,
  howpublished = "\url{https://docs.scipy.org/doc/scipy/reference/generated/scipy.stats.gaussian\_kde.html}"
}    

@Article{FFTW05,
  author = 	 {Frigo, Matteo and Johnson, Steven~G.},
  title = 	 {The Design and Implementation of {FFTW3}},
  journal = 	 {Proceedings of the IEEE},
  year = 	 2005,
  volume =	 93,
  number =	 2,
  pages =	 {216--231},
  note =	 {Special issue on ``Program Generation, Optimization, and Platform Adaptation''}
}

@Article{Hunter:2007,
  Author    = {Hunter, J. D.},
  Title     = {Matplotlib: A 2D graphics environment},
  Journal   = {Computing In Science \& Engineering},
  Volume    = {9},
  Number    = {3},
  Pages     = {90--95},
  abstract  = {Matplotlib is a 2D graphics package used for Python
  for application development, interactive scripting, and
  publication-quality image generation across user
  interfaces and operating systems.},
  publisher = {IEEE COMPUTER SOC},
  doi       = {10.1109/MCSE.2007.55},
  year      = 2007
}

@Misc{scipy,
  author =    {Eric Jones and Travis Oliphant and Pearu Peterson and others},
  title =     {{SciPy}: Open source scientific tools for {Python}},
  year =      {2001--},
  url = "http://www.scipy.org/"
}

@article{dalcin2011parallel,
	title	= 	{Parallel distributed computing using python},
	author	= 	{Dalcin, Lisandro D and Paz, Rodrigo R and Kler, Pablo A and Cosimo, Alejandro},
	journal	= 	{Advances in Water Resources},
	volume	= 	{34},
	number	= 	{9},
	pages	= 	{1124--1139},
	year	= 	{2011},
	publisher	= 	{Elsevier}
}

@article{Dalcin:2005:MP:1196218.1196228,
 author = {Dalc\'{\i}n, Lisandro and Paz, Rodrigo and Storti, Mario},
 title = {MPI for Python},
 journal = {J. Parallel Distrib. Comput.},
 issue_date = {September 2005},
 volume = {65},
 number = {9},
 month = sep,
 year = {2005},
 issn = {0743-7315},
 pages = {1108--1115},
 numpages = {8},
 url = {http://dx.doi.org/10.1016/j.jpdc.2005.03.010},
 doi = {10.1016/j.jpdc.2005.03.010},
 acmid = {1196228},
 publisher = {Academic Press, Inc.},
 address = {Orlando, FL, USA},
 keywords = {High level languages, MPI, Message passing, Parallel Python},
} 

@article{Dalcin:2008,
title = {MPI for Python: Performance, improvements and MPI-2 extensions},
author = {Dalc\'{\i}n and Lisandro and Paz, Rodrigo and Storti, Mario and D'Elia, Jorge},
journal = {Journal of parallel and distributed computing},
volume = {68},
number = {5},
pages = {655-662},
doi = {10.1016/j.jpdc.2007.09.005},
month = may,
year = {2008}
}

@misc{andrew_collette_2018_1246321,
  author       = {Andrew Collette and
                  others},
  title        = {h5py/h5py 2.8.0},
  month        = may,
  year         = 2018,
  doi          = {10.5281/zenodo.1246321},
  url          = {https://doi.org/10.5281/zenodo.1246321}
}

@manual{o2bbhpe,
      author = "De, S. and Capano, C. D. and Biwer, C. M. and Nitz, A. H. and Brown, D. A.",
      title  = "Data release gitHub repository",
      url    = "https://github.com/gwastro/o2-bbh-pe",
      year   = "2018"
}


@article{Biwer:2018osg,
      author         = "Biwer, C. M. and Capano, Collin D. and De, Soumi and
                        Cabero, Miriam and Brown, Duncan A. and Nitz, Alexander H.
                        and Raymond, V.",
      title          = "{PyCBC Inference: A Python-based parameter estimation
                        toolkit for compact binary coalescence signals}",
      journal        = "Publ. Astron. Soc. Pac.",
      volume         = "131",
      year           = "2019",
      pages          = "024503",
      doi            = "10.1088/1538-3873/aaef0b",
      eprint         = "1807.10312",
      archivePrefix  = "arXiv",
      primaryClass   = "astro-ph.IM",
      SLACcitation   = "%%CITATION = ARXIV:1807.10312;%%"
}

@article{mcmc,
    author = {Goodman J., Weare J.},
    year = 2010,
    journal = {Commun. Appl. Math. Comput. Sci.}, 
    volume =5,
    number = 1,
    pages = {65-80},
    doi = {10.2140/camcos.2010.5.65}
}

@Article{PER-GRA:2007,
  Author    = {P\'erez, Fernando and Granger, Brian E.},
  Title     = {{IP}ython: a System for Interactive Scientific Computing},
  Journal   = {Computing in Science and Engineering},
  Volume    = {9},
  Number    = {3},
  Pages     = {21--29},
  month     = may,
  year      = 2007,
  url       = "http://ipython.org",
  ISSN      = "1521-9615",
  doi       = {10.1109/MCSE.2007.53},
  publisher = {IEEE Computer Society},
}

@article{Nitz:2018imz,
      author         = "Nitz, Alexander H. and Capano, Collin and Nielsen, Alex
                        B. and Reyes, Steven and White, Rebecca and Brown, Duncan
                        A. and Krishnan, Badri",
      title          = "{1-OGC: The first open gravitational-wave catalog of
                        binary mergers from analysis of public Advanced LIGO
                        data}",
      year           = "2018",
      eprint         = "1811.01921",
      archivePrefix  = "arXiv",
      primaryClass   = "gr-qc",
      SLACcitation   = "%%CITATION = ARXIV:1811.01921;%%"
}

@article{PhysRevD.96.102001,
  title = {Calibration uncertainty for Advanced LIGO's first and second observing runs},
  author = {Cahillane, Craig and Betzwieser, Joe and Brown, Duncan A. and Goetz, Evan and Hall, Evan D. and Izumi, Kiwamu and Kandhasamy, Shivaraj and Karki, Sudarshan and Kissel, Jeff S. and Mendell, Greg and Savage, Richard L. and Tuyenbayev, Darkhan and Urban, Alex and Viets, Aaron and Wade, Madeline and Weinstein, Alan J.},
  journal = {Phys. Rev. D},
  volume = {96},
  issue = {10},
  pages = {102001},
  numpages = {16},
  year = {2017},
  month = {Nov},
  publisher = {American Physical Society},
  doi = {10.1103/PhysRevD.96.102001},
  url = {https://link.aps.org/doi/10.1103/PhysRevD.96.102001}
}

@article{LIGOScientific:2018mvr,
      author         = "Abbott, B. P. and others",
      title          = "{GWTC-1: A Gravitational-Wave Transient Catalog of
                        Compact Binary Mergers Observed by LIGO and Virgo during
                        the First and Second Observing Runs}",
      collaboration  = "LIGO Scientific, Virgo",
      year           = "2018",
      eprint         = "1811.12907",
      archivePrefix  = "arXiv",
      primaryClass   = "astro-ph.HE",
      reportNumber   = "LIGO-P1800307",
      SLACcitation   = "%%CITATION = ARXIV:1811.12907;%%"
}

@misc{data_release,
  year = 2019,
  author = {De, S. and Biwer, C. M. and Capano, C. D. and Nitz, A. H. and Brown, D. A.},
  title = {gwastro/o2-bbh-pe: v2.2 data release of O2 Binary Black Hole posterior samples},
  publisher = {Zenodo},
  note = {{https://doi.org/10.5281/zenodo.2652488}}
}
