@article{Speagle:2019ivv,
    author = "Speagle, Joshua S.",
    title = "{dynesty: a dynamic nested sampling package for estimating Bayesian posteriors and evidences}",
    eprint = "1904.02180",
    archivePrefix = "arXiv",
    primaryClass = "astro-ph.IM",
    doi = "10.1093/mnras/staa278",
    journal = "Mon. Not. Roy. Astron. Soc.",
    volume = "493",
    number = "3",
    pages = "3132--3158",
    year = "2020"
}

@article{Madras:1988ei,
    author = "Madras, Neal and Sokal, Alan D.",
    title = "{The Pivot algorithm: a highly efficient Monte Carlo method for selfavoiding walk}",
    doi = "10.1007/BF01022990",
    journal = "J. Statist. Phys.",
    volume = "50",
    pages = "109--186",
    year = "1988"
}

@article{Christensen:2004jm,
    author = "Christensen, Nelson and Dupuis, Rejean J. and Woan, Graham and Meyer, Renate",
    title = "{A Metropolis-Hastings algorithm for extracting periodic gravitational wave signals from laser interferometric detector data}",
    eprint = "gr-qc/0402038",
    archivePrefix = "arXiv",
    doi = "10.1103/PhysRevD.70.022001",
    journal = "Phys. Rev. D",
    volume = "70",
    pages = "022001",
    year = "2004"
}

@article{Aasi:2014mqd,
    author = "Aasi, J. and others",
    collaboration = "LIGO Scientific, VIRGO",
    title = "{Characterization of the LIGO detectors during their sixth science run}",
    eprint = "1410.7764",
    archivePrefix = "arXiv",
    primaryClass = "gr-qc",
    doi = "10.1088/0264-9381/32/11/115012",
    journal = "Class. Quant. Grav.",
    volume = "32",
    number = "11",
    pages = "115012",
    year = "2015"
}

@article{Abbott:2020niy,
    author = "Abbott, R. and others",
    collaboration = "LIGO Scientific, Virgo",
    title = "{GWTC-2: Compact Binary Coalescences Observed by LIGO and Virgo During the First Half of the Third Observing Run}",
    eprint = "2010.14527",
    archivePrefix = "arXiv",
    primaryClass = "gr-qc",
    reportNumber = "P2000061",
    month = "10",
    year = "2020",
    journal = "ArXiv e-print"
}


@article{Abbott:2020tfl,
    author = "Abbott, R. and others",
    collaboration = "LIGO Scientific, Virgo",
    title = "{GW190521: A Binary Black Hole Merger with a Total Mass of $150  M_{\odot}$}",
    eprint = "2009.01075",
    archivePrefix = "arXiv",
    primaryClass = "gr-qc",
    doi = "10.1103/PhysRevLett.125.101102",
    journal = "Phys. Rev. Lett.",
    volume = "125",
    number = "10",
    pages = "101102",
    year = "2020"
}

@article{Moore:2014lga,
    author = "Moore, C. J. and Cole, R. H. and Berry, C. P. L.",
    title = "{Gravitational-wave sensitivity curves}",
    eprint = "1408.0740",
    archivePrefix = "arXiv",
    primaryClass = "gr-qc",
    reportNumber = "LIGO-P1400129",
    doi = "10.1088/0264-9381/32/1/015014",
    journal = "Class. Quant. Grav.",
    volume = "32",
    number = "1",
    pages = "015014",
    year = "2015"
}

@ARTICLE{1968Natur.219...47B,
       author = {{Bramanti}, Donato},
        title = "{Perihelion Precession of Mercury}",
      journal = {\nat},
         year = 1968,
        month = jul,
       volume = {219},
       number = {5149},
        pages = {47-48},
          doi = {10.1038/219047a0}
}

@article{Postnov:2014tza,
    author = "Postnov, Konstantin A. and Yungelson, Lev R.",
    title = "{The Evolution of Compact Binary Star Systems}",
    eprint = "1403.4754",
    archivePrefix = "arXiv",
    primaryClass = "astro-ph.HE",
    doi = "10.12942/lrr-2014-3",
    journal = "Living Rev. Rel.",
    volume = "17",
    pages = "3",
    year = "2014"
}

@article{Chruslinska:2017odi,
    author = "Chruslinska, Martyna and Belczynski, Krzysztof and Klencki, Jakub and Benacquista, Matthew",
    title = "{Double neutron stars: merger rates revisited}",
    eprint = "1708.07885",
    archivePrefix = "arXiv",
    primaryClass = "astro-ph.HE",
    doi = "10.1093/mnras/stx2923",
    journal = "Mon. Not. Roy. Astron. Soc.",
    volume = "474",
    number = "3",
    pages = "2937--2958",
    year = "2018"
}

@article{Ivanova:2007bu,
    author = "Ivanova, N. and Heinke, C. and Rasio, F. A. and Belczynski, K. and Fregeau, J.",
    title = "{Formation and evolution of compact binaries in globular clusters: II. Binaries with neutron stars}",
    eprint = "0706.4096",
    archivePrefix = "arXiv",
    primaryClass = "astro-ph",
    doi = "10.1111/j.1365-2966.2008.13064.x",
    journal = "Mon. Not. Roy. Astron. Soc.",
    volume = "386",
    pages = "553--576",
    year = "2008"
}

@article{Petrovich:2017otm,
    author = "Petrovich, Cristobal and Antonini, Fabio",
    title = "{Greatly enhanced merger rates of compact-object binaries in non-spherical nuclear star clusters}",
    eprint = "1705.05848",
    archivePrefix = "arXiv",
    primaryClass = "astro-ph.HE",
    doi = "10.3847/1538-4357/aa8628",
    journal = "Astrophys. J.",
    volume = "846",
    number = "2",
    pages = "146",
    year = "2017"
}

@article{Punturo:2010zz,
    author = "Punturo, M. and others",
    editor = "Ricci, Fulvio",
    title = "{The Einstein Telescope: A third-generation gravitational wave observatory}",
    doi = "10.1088/0264-9381/27/19/194002",
    journal = "Class. Quant. Grav.",
    volume = "27",
    pages = "194002",
    year = "2010"
}

@article{Damour:2004bz,
    author = "Damour, Thibault and Gopakumar, Achamveedu and Iyer, Bala R.",
    title = "{Phasing of gravitational waves from inspiralling eccentric binaries}",
    eprint = "gr-qc/0404128",
    archivePrefix = "arXiv",
    doi = "10.1103/PhysRevD.70.064028",
    journal = "Phys. Rev. D",
    volume = "70",
    pages = "064028",
    year = "2004"
}

@article{Hulse:1974eb,
    author = "Hulse, R. A. and Taylor, J. H.",
    title = "{Discovery of a pulsar in a binary system}",
    doi = "10.1086/181708",
    journal = "Astrophys. J. Lett.",
    volume = "195",
    pages = "L51--L53",
    year = "1975"
}

@article{Buehrke:1993nd,
    author = "Buehrke, T.",
    title = "{Nobel prize in physics 1993 for Russell A. Hulse and Joseph H. Taylor. (In German)}",
    doi = "10.1002/piuz.19930240604",
    journal = "Phys. Unserer Zeit",
    volume = "24",
    pages = "253",
    year = "1993"
}

@article{Weisberg:2004hi,
    author = "Weisberg, Joel M. and Taylor, Joseph H.",
    title = "{Relativistic binary pulsar B1913+16: Thirty years of observations and analysis}",
    eprint = "astro-ph/0407149",
    archivePrefix = "arXiv",
    journal = "ASP Conf. Ser.",
    volume = "328",
    pages = "25",
    year = "2005"
}

@ARTICLE{Flannery1975,
    author = "Flannery, B.P. and van den Heuvel, E. P. J.",
    title = "{On the origin of the binary pulsar PSR 1913+16.}",
    journal = "\aap",
    year = "1975",
    month = "Feb",
    volume = "39",
    pages = "61-67"
}

@ARTICLE{DeLoore1975,
    author = "De Loore, C. and De Greve, J. P. and de Cuyper, J. P.",
    title = "{Evolution of Massive Close Binaries. II: The Post X-Ray Binary Stage: Origin of Run-away and Binary Pulsars}",
    journal = "\aaps",
    year = "1975",
    month = "Aug",
    volume = "36",
    number = "1",
    pages = "219-225",
    doi = "10.1007/BF00681952"
}

@article{Heggie:1975tg,
    author = "Heggie, D. C.",
    title = "{Binary evolution in stellar dynamics}",
    journal = "Mon. Not. Roy. Astron. Soc.",
    volume = "173",
    pages = "729--787",
    year = "1975"
}

@article{Yu:2020iqj,
    author = "Yu, Hang and Ma, Sizheng and Giesler, Matthew and Chen, Yanbei",
    title = "{Spin and Eccentricity Evolution in Triple Systems: from the Lidov-Kozai Interaction to the Final Merger of the Inner Binary}",
    eprint = "2007.12978",
    archivePrefix = "arXiv",
    primaryClass = "gr-qc",
    doi = "10.1103/PhysRevD.102.123009",
    journal = "Phys. Rev. D",
    volume = "102",
    pages = "123009",
    year = "2020"
}

@article{Ivanova:2006xp,
    author = "Ivanova, Natalia and Heinke, C. O. and Rasio, F. A. and Taam, R. E. and Belczynski, K. and Fregeau, J.",
    title = "{Formation and evolution of compact binaries in globular clusters: I.binaries with white dwarfs}",
    eprint = "astro-ph/0604085",
    archivePrefix = "arXiv",
    doi = "10.1111/j.1365-2966.2006.10876.x",
    journal = "Mon. Not. Roy. Astron. Soc.",
    volume = "372",
    pages = "1043--1059",
    year = "2006"
}

@article{Heggie:1996dr,
    author = "Heggie, Douglas C. and Hut, Piet and McMillan, Steven L. W.",
    title = "{Exchange cross-sections for hard binaries}",
    eprint = "astro-ph/9603080",
    archivePrefix = "arXiv",
    reportNumber = "IASSNS-AST-96-17",
    journal = "IAU Symp.",
    volume = "174",
    pages = "371",
    year = "1996"
}

@article{Meers:1988wp,
    author = "Meers, B. J.",
    title = "{Recycling in Laser Interferometric Gravitational Wave Detectors}",
    doi = "10.1103/PhysRevD.38.2317",
    journal = "Phys. Rev. D",
    volume = "38",
    pages = "2317--2326",
    year = "1988"
}

@misc{A+,
    author = "Barsotti, Lisa and McCuller, Lee and Evans, Matthew and Fritschel, Peter ",
    title = "{The A+ design curve}",
    howpublished = "https://dcc.ligo.org/LIGO-T1800042/public"
}

@article{Skilling:2006,
	Author = {Skilling, J.},
	Journal = {Bayesian Analysis},
	Number = 4,
	Pages = {833-860},
	Title = {Nested sampling for general {B}ayesian computation},
	Volume = 1,
	Year = 2006
}

@article{Nicholson:1997qh,
      author         = "Nicholson, David and Vecchio, Alberto",
      title          = "{Bayesian bounds on parameter estimation accuracy for
                        compact coalescing binary gravitational wave signals}",
      journal        = "Phys. Rev.",
      volume         = "D57",
      year           = "1998",
      pages          = "4588-4599",
      doi            = "10.1103/PhysRevD.57.4588",
      eprint         = "gr-qc/9705064",
      archivePrefix  = "arXiv",
      primaryClass   = "gr-qc",
      SLACcitation   = "%%CITATION = GR-QC/9705064;%%"
}

@article{FinnChernoff:1993,
	Adsnote = {Provided by the SAO/NASA Astrophysics Data System},
	Adsurl = {http://adsabs.harvard.edu/abs/1993PhRvD..47.2198F},
	Author = {{Finn}, L.~S. and {Chernoff}, D.~F.},
	Doi = {10.1103/PhysRevD.47.2198},
	Eprint = {arXiv:gr-qc/9301003},
	Journal = {\prd},
	Month = mar,
	Pages = {2198-2219},
	Title = {{Observing binary inspiral in gravitational radiation: One interferometer}},
	Volume = 47,
	Year = 1993,
	Bdsk-Url-1 = {http://dx.doi.org/10.1103/PhysRevD.47.2198}
}

@article{Bayes:1793,
 author = {Bayes, Thomas and Price, Richard},
 journal = {Phil. Trans. Roy. Soc. Lond.},
 pages = {370-418},
 doi = {10.1098/rstl.1763.0053},
 publisher = {The Royal Society},
 title = {An Essay towards Solving a Problem in the Doctrine of Chances},
 volume = {53},
 year = {1763}
}

@book{Jaynes:2003,
  address = {Cambridge},
  author = {Jaynes, E. T.},
  editor = {Bretthorst, G. Larry},
  isbn = {978-0-521-59271-0},
  publisher = {Cambridge University Press},
  title = {{Probability Theory: The Logic of Science}},
  year = {2003}
}

@book{wainstein:1962,
	Address = {Englewood Cliffs, NJ},
	Author = {L A Wainstein and V D Zubakov},
	Publisher = {Prentice-Hall},
	Title = {Extraction of signals from noise},
	Year = {1962}
}

@article{Feroz:2007kg,
    author = "Feroz, Farhan and Hobson, M. P.",
    title = "{Multimodal nested sampling: an efficient and robust alternative to MCMC methods for astronomical data analysis}",
    eprint = "0704.3704",
    archivePrefix = "arXiv",
    primaryClass = "astro-ph",
    doi = "10.1111/j.1365-2966.2007.12353.x",
    journal = "Mon. Not. Roy. Astron. Soc.",
    volume = "384",
    pages = "449",
    year = "2008"
}

@article{Feroz:2008xx,
    author = "Feroz, F. and Hobson, M. P. and Bridges, M.",
    title = "{MultiNest: an efficient and robust Bayesian inference tool for cosmology and particle physics}",
    eprint = "0809.3437",
    archivePrefix = "arXiv",
    primaryClass = "astro-ph",
    doi = "10.1111/j.1365-2966.2009.14548.x",
    journal = "Mon. Not. Roy. Astron. Soc.",
    volume = "398",
    pages = "1601--1614",
    year = "2009"
}

@article{TheLIGOScientific:2014jea,
        author         = "Aasi, J. and others",
        title          = "{Advanced LIGO}",
        collaboration  = "LIGO Scientific Collaboration",
        journal        = "Class. Quantum Grav.",
        volume         = "32",
        pages          = "074001",
        doi            = "10.1088/0264-9381/32/7/074001",
        year           = "2015",
        eprint         = "1411.4547",
        archivePrefix  = "arXiv",
        primaryClass   = "gr-qc",
        SLACcitation   = "%%CITATION = ARXIV:1411.4547;%%",
}

@article{Abbott:2016blz,
      author         = "Abbott, B. P. and others",
      title          = "{Observation of Gravitational Waves from a Binary Black
                        Hole Merger}",
      collaboration  = "LIGO Scientific, Virgo",
      journal        = "Phys. Rev. Lett.",
      volume         = "116",
      year           = "2016",
      number         = "6",
      pages          = "061102",
      doi            = "10.1103/PhysRevLett.116.061102",
      eprint         = "1602.03837",
      archivePrefix  = "arXiv",
      primaryClass   = "gr-qc",
      reportNumber   = "LIGO-P150914",
      SLACcitation   = "%%CITATION = ARXIV:1602.03837;%%"
}

@article{Reitze:2019iox,
    author = "Reitze, David and others",
    title = "{Cosmic Explorer: The U.S. Contribution to Gravitational-Wave Astronomy beyond LIGO}",
    eprint = "1907.04833",
    archivePrefix = "arXiv",
    primaryClass = "astro-ph.IM",
    reportNumber = "LIGO-P1900316",
    journal = "Bull. Am. Astron. Soc.",
    volume = "51",
    number = "7",
    pages = "035",
    year = "2019"
}

@article{LIGOScientific:2020ibl,
    author = "Abbott, R. and others",
    collaboration = "LIGO Scientific, Virgo",
    title = "{GWTC-2: Compact Binary Coalescences Observed by LIGO and Virgo During the First Half of the Third Observing Run}",
    eprint = "2010.14527",
    archivePrefix = "arXiv",
    primaryClass = "gr-qc",
    reportNumber = "P2000061",
    doi = "10.1103/PhysRevX.11.021053",
    journal = "Phys. Rev. X",
    volume = "11",
    pages = "021053",
    year = "2021"
}

@article{Coughlin:2018fis,
    author = "Coughlin, Michael W. and Dietrich, Tim and Margalit, Ben and Metzger, Brian D.",
    title = "{Multimessenger Bayesian parameter inference of a binary neutron star merger}",
    eprint = "1812.04803",
    archivePrefix = "arXiv",
    primaryClass = "astro-ph.HE",
    doi = "10.1093/mnrasl/slz133",
    journal = "Mon. Not. Roy. Astron. Soc.",
    volume = "489",
    number = "1",
    pages = "L91--L96",
    year = "2019"
}

@article{Martynov:2016fzi,
      author         = "Abbott, Benjamin P. and others",
      title          = "{Sensitivity of the Advanced LIGO detectors at the
                        beginning of gravitational wave astronomy}",
      journal        = "Phys. Rev.",
      volume         = "D93",
      year           = "2016",
      number         = "11",
      pages          = "112004",
      doi            = "10.1103/PhysRevD.93.112004, 10.1103/PhysRevD.97.059901",
      note           = "[Addendum: Phys. Rev.D97,no.5,059901(2018)]",
      eprint         = "1604.00439",
      archivePrefix  = "arXiv",
      primaryClass   = "astro-ph.IM",
      SLACcitation   = "%%CITATION = ARXIV:1604.00439;%%"
}

@article{Usman:2018imj,
    author = "Usman, Samantha A. and Mills, Joseph C. and Fairhurst, Stephen",
    title = "{Constraining the Inclinations of Binary Mergers from Gravitational-wave Observations}",
    eprint = "1809.10727",
    archivePrefix = "arXiv",
    primaryClass = "gr-qc",
    doi = "10.3847/1538-4357/ab0b3e",
    journal = "Astrophys. J.",
    volume = "877",
    number = "2",
    pages = "82",
    year = "2019"
}

@article{Ackley:2020atn,
    author = "Ackley, K. and others",
    title = "{Neutron Star Extreme Matter Observatory: A kilohertz-band gravitational-wave detector in the global network}",
    eprint = "2007.03128",
    archivePrefix = "arXiv",
    primaryClass = "astro-ph.HE",
    doi = "10.1017/pasa.2020.39",
    journal = "Publ. Astron. Soc. Austral.",
    volume = "37",
    pages = "e047",
    year = "2020"
}

@incollection{Hawking:1987en,
      author = "Thorne, K. S.",
      editor         = "Hawking, S. W. and Israel, W.",
      title          = "{THREE HUNDRED YEARS OF GRAVITATION}",
      journal        = "Cambridge, UK: Univ. Pr. (1987) 684 p",
      year           = "1987",
      SLACcitation   = "%%CITATION = INSPIRE-254099;%%"
}

@article{Peters:1964zz,
      author         = "Peters, P. C.",
      title          = "{Gravitational Radiation and the Motion of Two Point
                        Masses}",
      journal        = "Phys. Rev.",
      volume         = "136",
      year           = "1964",
      pages          = "B1224-B1232",
      doi            = "10.1103/PhysRev.136.B1224",
      SLACcitation   = "%%CITATION = PHRVA,136,B1224;%%"
}

@article{Cardoso:2014uka,
      author         = "Cardoso, Vitor and Gualtieri, Leonardo and Herdeiro,
                        Carlos and Sperhake, Ulrich",
      title          = "{Exploring New Physics Frontiers Through Numerical
                        Relativity}",
      journal        = "Living Rev. Relativity",
      volume         = "18",
      year           = "2015",
      pages          = "1",
      doi            = "10.12942/lrr-2015-1, 10.1007/lrr-2015-1",
      eprint         = "1409.0014",
      archivePrefix  = "arXiv",
      primaryClass   = "gr-qc",
      SLACcitation   = "%%CITATION = ARXIV:1409.0014;%%"
}

@article{Berti:2009kk,
      author         = "Berti, Emanuele and Cardoso, Vitor and Starinets, Andrei O.",
      title          = "{Quasinormal modes of black holes and black branes}",
      journal        = "Class. Quant. Grav.",
      volume         = "26",
      year           = "2009",
      pages          = "163001",
      doi            = "10.1088/0264-9381/26/16/163001",
      eprint         = "0905.2975",
      archivePrefix  = "arXiv",
      primaryClass   = "gr-qc",
      SLACcitation   = "%%CITATION = ARXIV:0905.2975;%%"
}

@article{Teukolsky:1972my,
      author         = "Teukolsky, S. A.",
      title          = "{Rotating black holes - separable wave equations for gravitational and electromagnetic perturbations}",
      journal        = "Phys. Rev. Lett.",
      volume         = "29",
      year           = "1972",
      pages          = "1114-1118",
      doi            = "10.1103/PhysRevLett.29.1114",
      reportNumber   = "OAP-291",
      SLACcitation   = "%%CITATION = PRLTA,29,1114;%%"
}

@article{Buonanno:1998gg,
      author         = "Buonanno, A. and Damour, T.",
      title          = "{Effective one-body approach to general relativistic
                        two-body dynamics}",
      journal        = "Phys. Rev.",
      volume         = "D59",
      year           = "1999",
      pages          = "084006",
      doi            = "10.1103/PhysRevD.59.084006",
      eprint         = "gr-qc/9811091",
      archivePrefix  = "arXiv",
      primaryClass   = "gr-qc",
      reportNumber   = "IHES-P-98-74",
      SLACcitation   = "%%CITATION = GR-QC/9811091;%%"
}

@article{Buonanno:2000ef,
      author         = "Buonanno, Alessandra and Damour, Thibault",
      title          = "{Transition from inspiral to plunge in binary black hole
                        coalescences}",
      journal        = "Phys. Rev.",
      volume         = "D62",
      year           = "2000",
      pages          = "064015",
      doi            = "10.1103/PhysRevD.62.064015",
      eprint         = "gr-qc/0001013",
      archivePrefix  = "arXiv",
      primaryClass   = "gr-qc",
      reportNumber   = "IHES-P-99-90, GRP-99-521",
      SLACcitation   = "%%CITATION = GR-QC/0001013;%%"
}

@article{Damour:2000we,
      author         = "Damour, Thibault and Jaranowski, Piotr and Schaefer,
                        Gerhard",
      title          = "{On the determination of the last stable orbit for
                        circular general relativistic binaries at the third
                        postNewtonian approximation}",
      journal        = "Phys. Rev.",
      volume         = "D62",
      year           = "2000",
      pages          = "084011",
      doi            = "10.1103/PhysRevD.62.084011",
      eprint         = "gr-qc/0005034",
      archivePrefix  = "arXiv",
      primaryClass   = "gr-qc",
      SLACcitation   = "%%CITATION = GR-QC/0005034;%%"
}

@article{Damour:2001tu,
      author         = "Damour, Thibault",
      title          = "{Coalescence of two spinning black holes: an effective
                        one-body approach}",
      journal        = "Phys. Rev.",
      volume         = "D64",
      year           = "2001",
      pages          = "124013",
      doi            = "10.1103/PhysRevD.64.124013",
      eprint         = "gr-qc/0103018",
      archivePrefix  = "arXiv",
      primaryClass   = "gr-qc",
      reportNumber   = "IHES-P-01-11",
      SLACcitation   = "%%CITATION = GR-QC/0103018;%%"
}

@article{Blanchet2006,
author="Blanchet, Luc",
title="Gravitational Radiation from Post-Newtonian Sources and Inspiralling Compact Binaries",
journal="Living Reviews in Relativity",
year="2006",
month="Jun",
day="01",
volume="9",
number="1",
pages="4",
issn="1433-8351",
doi="10.12942/lrr-2006-4",
url="https://doi.org/10.12942/lrr-2006-4"
}

@article{Ajith:2009bn,
      author         = "Ajith, P. and others",
      title          = "{Inspiral-merger-ringdown waveforms for black-hole
                        binaries with non-precessing spins}",
      journal        = "Phys. Rev. Lett.",
      volume         = "106",
      year           = "2011",
      pages          = "241101",
      doi            = "10.1103/PhysRevLett.106.241101",
      eprint         = "0909.2867",
      archivePrefix  = "arXiv",
      primaryClass   = "gr-qc",
      SLACcitation   = "%%CITATION = ARXIV:0909.2867;%%"
}

@article{Ajith:2007qp,
      author         = "Ajith, Parameswaran and others",
      title          = "{Phenomenological template family for black-hole
                        coalescence waveforms}",
      booktitle      = "{Gravitational wave data analysis. Proceedings: 11th
                        Workshop, GWDAW-11, Potsdam, Germany, Dec 18-21, 2006}",
      journal        = "Class. Quant. Grav.",
      volume         = "24",
      year           = "2007",
      pages          = "S689-S700",
      doi            = "10.1088/0264-9381/24/19/S31",
      eprint         = "0704.3764",
      archivePrefix  = "arXiv",
      primaryClass   = "gr-qc",
      SLACcitation   = "%%CITATION = ARXIV:0704.3764;%%"
}

@article{Santamaria:2010yb,
      author         = "Santamaria, L. and others",
      title          = "{Matching post-Newtonian and numerical relativity
                        waveforms: systematic errors and a new phenomenological
                        model for non-precessing black hole binaries}",
      journal        = "Phys. Rev.",
      volume         = "D82",
      year           = "2010",
      pages          = "064016",
      doi            = "10.1103/PhysRevD.82.064016",
      eprint         = "1005.3306",
      archivePrefix  = "arXiv",
      primaryClass   = "gr-qc",
      reportNumber   = "LIGO-P1000048, AEI-2010-122",
      SLACcitation   = "%%CITATION = ARXIV:1005.3306;%%"
}

@article{Purrer:2014fza,
    author = {P\"urrer, Michael},
    title = "{Frequency domain reduced order models for gravitational waves from aligned-spin compact binaries}",
    eprint = "1402.4146",
    archivePrefix = "arXiv",
    primaryClass = "gr-qc",
    doi = "10.1088/0264-9381/31/19/195010",
    journal = "Class. Quant. Grav.",
    volume = "31",
    number = "19",
    pages = "195010",
    year = "2014"
}

@article{Canizares:2014fya,
    author = "Canizares, Priscilla and Field, Scott E. and Gair, Jonathan and Raymond, Vivien and Smith, Rory and Tiglio, Manuel",
    title = "{Accelerated gravitational-wave parameter estimation with reduced order modeling}",
    eprint = "1404.6284",
    archivePrefix = "arXiv",
    primaryClass = "gr-qc",
    reportNumber = "LIGO-P1400038",
    doi = "10.1103/PhysRevLett.114.071104",
    journal = "Phys. Rev. Lett.",
    volume = "114",
    number = "7",
    pages = "071104",
    year = "2015"
}

@article{Blackman:2014maa,
    author = "Blackman, Jonathan and Szilagyi, Bela and Galley, Chad R. and Tiglio, Manuel",
    title = "{Sparse Representations of Gravitational Waves from Precessing Compact Binaries}",
    eprint = "1401.7038",
    archivePrefix = "arXiv",
    primaryClass = "gr-qc",
    doi = "10.1103/PhysRevLett.113.021101",
    journal = "Phys. Rev. Lett.",
    volume = "113",
    number = "2",
    pages = "021101",
    year = "2014"
}

@article{Purrer:2015tud,
    author = {P\"urrer, Michael},
    title = "{Frequency domain reduced order model of aligned-spin effective-one-body waveforms with generic mass-ratios and spins}",
    eprint = "1512.02248",
    archivePrefix = "arXiv",
    primaryClass = "gr-qc",
    doi = "10.1103/PhysRevD.93.064041",
    journal = "Phys. Rev. D",
    volume = "93",
    number = "6",
    pages = "064041",
    year = "2016"
}

@article{Field:2013cfa,
    author = "Field, Scott E. and Galley, Chad R. and Hesthaven, Jan S. and Kaye, Jason and Tiglio, Manuel",
    title = "{Fast prediction and evaluation of gravitational waveforms using surrogate models}",
    eprint = "1308.3565",
    archivePrefix = "arXiv",
    primaryClass = "gr-qc",
    doi = "10.1103/PhysRevX.4.031006",
    journal = "Phys. Rev. X",
    volume = "4",
    number = "3",
    pages = "031006",
    year = "2014"
}

@article{Caudill:2011kv,
    author = "Caudill, Sarah and Field, Scott E. and Galley, Chad R. and Herrmann, Frank and Tiglio, Manuel",
    title = "{Reduced Basis representations of multi-mode black hole ringdown gravitational waves}",
    eprint = "1109.5642",
    archivePrefix = "arXiv",
    primaryClass = "gr-qc",
    doi = "10.1088/0264-9381/29/9/095016",
    journal = "Class. Quant. Grav.",
    volume = "29",
    pages = "095016",
    year = "2012"
}

@article{Field:2011mf,
    author = "Field, Scott E. and Galley, Chad R. and Herrmann, Frank and Hesthaven, Jan S. and Ochsner, Evan and Tiglio, Manuel",
    title = "{Reduced basis catalogs for gravitational wave templates}",
    eprint = "1101.3765",
    archivePrefix = "arXiv",
    primaryClass = "gr-qc",
    doi = "10.1103/PhysRevLett.106.221102",
    journal = "Phys. Rev. Lett.",
    volume = "106",
    pages = "221102",
    year = "2011"
}

@article{Canizares:2013ywa,
    author = "Canizares, Priscilla and Field, Scott E. and Gair, Jonathan R. and Tiglio, Manuel",
    title = "{Gravitational wave parameter estimation with compressed likelihood evaluations}",
    eprint = "1304.0462",
    archivePrefix = "arXiv",
    primaryClass = "gr-qc",
    doi = "10.1103/PhysRevD.87.124005",
    journal = "Phys. Rev. D",
    volume = "87",
    number = "12",
    pages = "124005",
    year = "2013"
}

@article{Blackman:2015pia,
    author = "Blackman, Jonathan and Field, Scott E. and Galley, Chad R. and Szil\'agyi, B\'ela and Scheel, Mark A. and Tiglio, Manuel and Hemberger, Daniel A.",
    title = "{Fast and Accurate Prediction of Numerical Relativity Waveforms from Binary Black Hole Coalescences Using Surrogate Models}",
    eprint = "1502.07758",
    archivePrefix = "arXiv",
    primaryClass = "gr-qc",
    doi = "10.1103/PhysRevLett.115.121102",
    journal = "Phys. Rev. Lett.",
    volume = "115",
    number = "12",
    pages = "121102",
    year = "2015"
}

@article{Bini:2012gu,
    author = "Bini, Donato and Damour, Thibault and Faye, Guillaume",
    title = "{Effective action approach to higher-order relativistic tidal interactions in binary systems and their effective one body description}",
    eprint = "1202.3565",
    archivePrefix = "arXiv",
    primaryClass = "gr-qc",
    doi = "10.1103/PhysRevD.85.124034",
    journal = "Phys. Rev. D",
    volume = "85",
    pages = "124034",
    year = "2012"
}

@article{Hotokezaka:2015xka,
    author = "Hotokezaka, Kenta and Kyutoku, Koutarou and Okawa, Hirotada and Shibata, Masaru",
    title = "{Exploring tidal effects of coalescing binary neutron stars in numerical relativity. II. Long-term simulations}",
    eprint = "1502.03457",
    archivePrefix = "arXiv",
    primaryClass = "gr-qc",
    doi = "10.1103/PhysRevD.91.064060",
    journal = "Phys. Rev. D",
    volume = "91",
    number = "6",
    pages = "064060",
    year = "2015"
}

@article{Nagar:2018plt,
    author = "Nagar, Alessandro and Messina, Francesco and Rettegno, Piero and Bini, Donato and Damour, Thibault and Geralico, Andrea and Akcay, Sarp and Bernuzzi, Sebastiano",
    title = "{Nonlinear-in-spin effects in effective-one-body waveform models of spin-aligned, inspiralling, neutron star binaries}",
    eprint = "1812.07923",
    archivePrefix = "arXiv",
    primaryClass = "gr-qc",
    doi = "10.1103/PhysRevD.99.044007",
    journal = "Phys. Rev. D",
    volume = "99",
    number = "4",
    pages = "044007",
    year = "2019"
}

@article{Akcay:2018yyh,
    author = "Akcay, Sarp and Bernuzzi, Sebastiano and Messina, Francesco and Nagar, Alessandro and Ortiz, N\'estor and Rettegno, Piero",
    title = "{Effective-one-body multipolar waveform for tidally interacting binary neutron stars up to merger}",
    eprint = "1812.02744",
    archivePrefix = "arXiv",
    primaryClass = "gr-qc",
    doi = "10.1103/PhysRevD.99.044051",
    journal = "Phys. Rev. D",
    volume = "99",
    number = "4",
    pages = "044051",
    year = "2019"
}

@article{Hinderer:2009ca,
    author = "Hinderer, Tanja and Lackey, Benjamin D. and Lang, Ryan N. and Read, Jocelyn S.",
    title = "{Tidal deformability of neutron stars with realistic equations of state and their gravitational wave signatures in binary inspiral}",
    eprint = "0911.3535",
    archivePrefix = "arXiv",
    primaryClass = "astro-ph.HE",
    doi = "10.1103/PhysRevD.81.123016",
    journal = "Phys. Rev. D",
    volume = "81",
    pages = "123016",
    year = "2010"
}

@article{Forbes:2019xaz,
    author = "Forbes, Michael McNeil and Bose, Sukanta and Reddy, Sanjay and Zhou, Dake and Mukherjee, Arunava and De, Soumi",
    title = "{Constraining the neutron-matter equation of state with gravitational waves}",
    eprint = "1904.04233",
    archivePrefix = "arXiv",
    primaryClass = "astro-ph.HE",
    reportNumber = "LIGO-P1900097, INT-PUB-19-009",
    doi = "10.1103/PhysRevD.100.083010",
    journal = "Phys. Rev. D",
    volume = "100",
    number = "8",
    pages = "083010",
    year = "2019"
}

@article{Carson:2019rjx,
    author = "Carson, Zack and Chatziioannou, Katerina and Haster, Carl-Johan and Yagi, Kent and Yunes, Nicol\'as",
    title = "{Equation-of-state insensitive relations after GW170817}",
    eprint = "1903.03909",
    archivePrefix = "arXiv",
    primaryClass = "gr-qc",
    doi = "10.1103/PhysRevD.99.083016",
    journal = "Phys. Rev. D",
    volume = "99",
    number = "8",
    pages = "083016",
    year = "2019"
}

@article{Landry:2020vaw,
    author = "Landry, Philippe and Essick, Reed and Chatziioannou, Katerina",
    title = "{Nonparametric constraints on neutron star matter with existing and upcoming gravitational wave and pulsar observations}",
    eprint = "2003.04880",
    archivePrefix = "arXiv",
    primaryClass = "astro-ph.HE",
    doi = "10.1103/PhysRevD.101.123007",
    journal = "Phys. Rev. D",
    volume = "101",
    number = "12",
    pages = "123007",
    year = "2020"
}
