@article{Hinderer:2016eia,
     author         = "Hinderer, Tanja and others",
     title          = "{Effects of neutron-star dynamic tides on gravitational
                       waveforms within the effective-one-body approach}",
     journal        = "Phys. Rev. Lett.",
     volume         = "116",
     year           = "2016",
     number         = "18",
     pages          = "181101",
     doi            = "10.1103/PhysRevLett.116.181101",
}


@article{Bernuzzi:2014owa,
     author         = "Bernuzzi, Sebastiano and Nagar, Alessandro and Dietrich, Tim and Damour, Thibault",
     title          = "{Modeling the Dynamics of Tidally Interacting Binary
                       Neutron Stars up to the Merger}",
     journal        = "Phys. Rev. Lett.",
     volume         = "114",
     year           = "2015",
     number         = "16",
     pages          = "161103",
     doi            = "10.1103/PhysRevLett.114.161103",
}


@article{Damour:2009wj,
     author         = "Damour, Thibault and Nagar, Alessandro",
     title          = "{Effective One Body description of tidal effects in
                       inspiralling compact binaries}",
     journal        = "Phys. Rev.",
     volume         = "D81",
     year           = "2010",
     pages          = "084016",
     doi            = "10.1103/PhysRevD.81.084016",
}


@article{Baiotti:2010xh,
     author         = "Baiotti, Luca and others",
     title          = "{Analytic modelling of tidal effects in the relativistic
                       inspiral of binary neutron stars}",
     journal        = "Phys. Rev. Lett.",
     volume         = "105",
     year           = "2010",
     pages          = "261101",
     doi            = "10.1103/PhysRevLett.105.261101",
}


@article{Barkett:2015wia,
     author         = "Barkett, Kevin and others",
     title          = "{Gravitational waveforms for neutron star binaries from
                       binary black hole simulations}",
     journal        = "Phys. Rev.",
     volume         = "D93",
     year           = "2016",
     number         = "4",
     pages          = "044064",
     doi            = "10.1103/PhysRevD.93.044064",
}

@article{Lackey:2014fwa,
     author         = "Lackey, Benjamin D. and Wade, Leslie",
     title          = "{Reconstructing the neutron-star equation of state with
                       gravitational-wave detectors from a realistic population
                       of inspiralling binary neutron stars}",
     journal        = "Phys. Rev.",
     volume         = "D91",
     year           = "2015",
     number         = "4",
     pages          = "043002",
     doi            = "10.1103/PhysRevD.91.043002",
}

@article{Wade:2014vqa,
     author         = "Wade, Leslie and Creighton, Jolien D. E. and Ochsner, Evan and Lackey, Benjamin D. and Farr, Benjamin F. and Littenberg, Tyson B. and Raymond, Vivien",
     title          = "{Systematic and statistical errors in a bayesian approach
                       to the estimation of the neutron-star equation of state
                       using advanced gravitational wave detectors}",
     journal        = "Phys. Rev.",
     volume         = "D89",
     year           = "2014",
     number         = "10",
     pages          = "103012",
     doi            = "10.1103/PhysRevD.89.103012",
}



@article{Flanagan:2007ix,
      author         = "Flanagan, \'{E}anna \'{E}. and Hinderer, Tanja",
      title          = "{Constraining neutron star tidal Love numbers with
                        gravitational wave detectors}",
      journal        = "Phys. Rev.",
      volume         = "D77",
      year           = "2008",
      pages          = "021502",
      doi            = "10.1103/PhysRevD.77.021502",
}

@article{Hinderer:2007mb,
      author         = "Hinderer, Tanja",
      title          = "{Tidal Love numbers of neutron stars}",
      journal        = "Astrophys. J.",
      volume         = "677",
      year           = "2008",
      pages          = "1216-1220",
      doi            = "10.1086/533487",
}

@article{Favata:2013rwa,
      author         = "Favata, Marc",
      title          = "{Systematic parameter errors in inspiraling neutron star
                        binaries}",
      journal        = "Phys. Rev. Lett.",
      volume         = "112",
      year           = "2014",
      pages          = "101101",
      doi            = "10.1103/PhysRevLett.112.101101",
}

@article{Veitch:2014wba,
      author         = "Veitch, J. and others",
      title          = "{Parameter estimation for compact binaries with
                        ground-based gravitational-wave observations using the
                        LALInference software library}",
      journal        = "Phys. Rev.",
      volume         = "D91",
      year           = "2015",
      number         = "4",
      pages          = "042003",
      doi            = "10.1103/PhysRevD.91.042003",
}

@article{Pankow:2015cra,
      author         = "Pankow, C. and Brady, P. and Ochsner, E. and
                        O'Shaughnessy, R.",
      title          = "{Novel scheme for rapid parallel parameter estimation of
                        gravitational waves from compact binary coalescences}",
      journal        = "Phys. Rev.",
      volume         = "D92",
      year           = "2015",
      number         = "2",
      pages          = "023002",
      doi            = "10.1103/PhysRevD.92.023002",
}

@article{Ozel:2016oaf,
      author         = {\"{O}zel, Feryal and Freire, Paulo},
      title          = "{Masses, Radii, and the Equation of State of Neutron
                        Stars}",
      journal        = "Ann. Rev. Astron. Astrophys.",
      volume         = "54",
      year           = "2016",
      pages          = "401-440",
      doi            = "10.1146/annurev-astro-081915-023322",
}

@article{Canton:2014ena,
  author         = "Dal Canton, Tito and others",
  title          = "{Implementing a search for aligned-spin neutron
                    star-black hole systems with advanced ground based
                    gravitational wave detectors}",
  journal        = "Phys. Rev.",
  volume         = "D90",
  year           = "2014",
  number         = "8",
  pages          = "082004",
  doi            = "10.1103/PhysRevD.90.082004",
}

@article{Usman:2015kfa,
  author         = "Usman, Samantha A. and others",
  title          = "{The PyCBC search for gravitational waves from compact
                    binary coalescence}",
  journal        = "Class. Quant. Grav.",
  volume         = "33",
  year           = "2016",
  number         = "21",
  pages          = "215004",
  doi            = "10.1088/0264-9381/33/21/215004",
}

@article{Kidder:2016hev,
      author         = "Kidder, Lawrence E. and others",
      title          = "{SpECTRE: A Task-based Discontinuous Galerkin Code for
                        Relativistic Astrophysics}",
      journal        = "J. Comput. Phys.",
      volume         = "335",
      year           = "2017",
      pages          = "84-114",
      doi            = "10.1016/j.jcp.2016.12.059",
}

@article{Agathos:2015uaa,
      author         = "Agathos, Michalis and Meidam, Jeroen and Del Pozzo, Walter and Li, Tjonnie G. F. and Tompitak, Marco and Veitch, John and Vitale, Salvatore and Van Den Broeck, Chris",
      title          = "{Constraining the neutron star equation of state with
                        gravitational wave signals from coalescing binary neutron
                        stars}",
      journal        = "Phys. Rev.",
      volume         = "D92",
      year           = "2015",
      number         = "2",
      pages          = "023012",
}

@article{Aasi:2013wya,
      author         = "Abbott, Benjamin P. and others",
      title          = "{Prospects for Observing and Localizing
                        Gravitational-Wave Transients with Advanced LIGO, Advanced
                        Virgo and KAGRA}",
      collaboration  = "VIRGO, LIGO Scientific",
      year           = "2013",
      doi            = "10.1007/lrr-2016-1",
      note           = "[Living Rev. Rel.19,1(2016)]",
}

@article{DelPozzo:2013ala,
      author         = "Del Pozzo, Walter and Li, Tjonnie G. F. and Agathos,
                        Michalis and Van Den Broeck, Chris and Vitale, Salvatore",
      title          = "{Demonstrating the feasibility of probing the neutron
                        star equation of state with second-generation
                        gravitational wave detectors}",
      journal        = "Phys. Rev. Lett.",
      volume         = "111",
      year           = "2013",
      number         = "7",
      pages          = "071101",
      doi            = "10.1103/PhysRevLett.111.071101",
}

@article{Hannam:2013uu,
      author         = "Hannam, Mark and Brown, Duncan A. and Fairhurst, Stephen and Fryer, Chris L. and Harry, Ian W.",
      title          = "{When can gravitational-wave observations distinguish
                        between black holes and neutron stars?}",
      journal        = "Astrophys. J.",
      volume         = "766",
      year           = "2013",
      pages          = "L14",
      doi            = "10.1088/2041-8205/766/1/L14",
}

@article{Belczynski:2000wr,
      author         = "Belczynski, Krzysztof and Kalogera, Vassiliki",
      title          = "{A New formation channel for double neutron stars without
                        recycling: Implications for gravitational wave detection}",
      journal        = "Astrophys. J.",
      volume         = "550",
      year           = "2001",
      pages          = "L183-L187",
      doi            = "10.1086/319641",
}

@misc{lalsuite,
  author = {https://wiki.ligo.org/DASWG/LALSuite},
  title = {LALSuite software package},
  url = {https://wiki.ligo.org/DASWG/LALSuite}
}

@article{mcmc,
    author = {Goodman J., Weare J.},
    year = 2010,
    journal = {Commun. Appl. Math. Comput. Sci.}, 
    volume =5,
    number = 1,
    pages = {65-80},
    doi = {10.2140/camcos.2010.5.65}
}

@manual{alex_nitz_2018_1208115,
  author       = {Alex Nitz and others},
  title        = {PyCBC v1.9.4},
  year         = 2018,
  doi          = {10.5281/zenodo.1208115},
  url          = {https://doi.org/10.5281/zenodo.1208115}
}

@manual{gw170817commoneos,
      title  = "SUGWG GitHub Repository",
      author = "De, S. and others",
      url    = "https://github.com/sugwg/gw170817-common-eos",
      year   = "2018"
}

@article{Sathyaprakash:1991mt,
      author         = "Sathyaprakash, B. S. and Dhurandhar, S. V.",
      title          = "{Choice of filters for the detection of gravitational
                        waves from coalescing binaries}",
      journal        = "Phys. Rev.",
      volume         = "D44",
      year           = "1991",
      pages          = "3819-3834",
      doi            = "10.1103/PhysRevD.44.3819",
}

@article{Peters:1963ux,
      author         = "Peters, P. C. and Mathews, J.",
      title          = "{Gravitational radiation from point masses in a Keplerian
                        orbit}",
      journal        = "Phys. Rev.",
      volume         = "131",
      year           = "1963",
      pages          = "435-439",
      doi            = "10.1103/PhysRev.131.435",
      SLACcitation   = "%%CITATION = PHRVA,131,435;%%"
}

@article{skilling2006,
author = "Skilling, John",
doi = "10.1214/06-BA127",
fjournal = "Bayesian Analysis",
journal = "Bayesian Anal.",
month = "12",
number = "4",
pages = "833--859",
publisher = "International Society for Bayesian Analysis",
title = "Nested sampling for general Bayesian computation",
url = "https://doi.org/10.1214/06-BA127",
volume = "1",
year = "2006"
}

@article{Lattimer:2006xb,
      author         = "Lattimer, James M. and Prakash, Maddapa",
      title          = "{Neutron Star Observations: Prognosis for Equation of
                        State Constraints}",
      journal        = "Phys. Rept.",
      volume         = "442",
      year           = "2007",
      pages          = "109-165",
      doi            = "10.1016/j.physrep.2007.02.003",
}

@article{Read:2009yp,
      author         = "Read, Jocelyn S. and Markakis, Charalampos and Shibata, Masaru and Uryu, Koji and Creighton, Jolien D. E. and Friedman, John L.",
      title          = "{Measuring the neutron star equation of state with
                        gravitational wave observations}",
      journal        = "Phys. Rev.",
      volume         = "D79",
      year           = "2009",
      pages          = "124033",
      doi            = "10.1103/PhysRevD.79.124033",
}

@Article{PER-GRA:2007,
  Author    = {P\'erez, Fernando and Granger, Brian E.},
  Title     = {{IP}ython: a System for Interactive Scientific Computing},
  Journal   = {Computing in Science and Engineering},
  Volume    = {9},
  Number    = {3},
  Pages     = {21--29},
  month     = may,
  year      = 2007,
  url       = "http://ipython.org",
  ISSN      = "1521-9615",
  doi       = {10.1109/MCSE.2007.53},
  publisher = {IEEE Computer Society},
}

@article{Hughes:2002ru,
      author         = "Hughes, Scott A.",
      title          = "{Tuning gravitational wave detector networks to measure
                        compact binary mergers}",
      journal        = "Phys. Rev.",
      volume         = "D66",
      year           = "2002",
      pages          = "102001",
      doi            = "10.1103/PhysRevD.66.102001",
}


@ARTICLE{1161901,
author={P. Welch},
journal={IEEE Transactions on Audio and Electroacoustics},
title={The use of fast Fourier transform for the estimation of power spectra: A method based on time averaging over short, modified periodograms},
year={1967},
volume={15},
number={2},
pages={70-73},
keywords={Aging;Demodulation;Fast Fourier transforms;Fourier transforms;Reactive power;Shape;Stochastic processes;Testing;Time measurement},
doi={10.1109/TAU.1967.1161901},
ISSN={0018-9278},
month={Jun},}

@article{PhysRevLett.84.3519,
  title = {Prospects for Gravitational-Wave Observations of Neutron-Star Tidal Disruption in Neutron-Star\char21{}Black-Hole Binaries},
  author = {Vallisneri, Michele},
  journal = {Phys. Rev. Lett.},
  volume = {84},
  issue = {16},
  pages = {3519--3522},
  numpages = {0},
  year = {2000},
  month = {Apr},
  publisher = {American Physical Society},
  doi = {10.1103/PhysRevLett.84.3519},
  url = {https://link.aps.org/doi/10.1103/PhysRevLett.84.3519}
}

@InCollection{thorne.k:1987,
  author        = {K S Thorne},
  title         = {Gravitational radiation},
  booktitle     = {Three hundred years of gravitation},
  chapter       = {9},
  pages         = {330--458},
  editor        = {S. W. Hawking and W. Israel},
  publisher     = {Cambridge University Press},
  address       = {Cambridge},
  year          = {1987}
}

@article{Lattimer:2015nhk,
      author         = "Lattimer, James M. and Prakash, Madappa",
      title          = "{The Equation of State of Hot, Dense Matter and Neutron
                        Stars}",
      journal        = "Phys. Rept.",
      volume         = "621",
      year           = "2016",
      pages          = "127-164",
      doi            = "10.1016/j.physrep.2015.12.005",
}

@article{Demorest:2010bx,
      author         = "Demorest, Paul and Pennucci, Tim and Ransom, Scott and
                        Roberts, Mallory and Hessels, Jason",
      title          = "{Shapiro Delay Measurement of A Two Solar Mass Neutron
                        Star}",
      journal        = "Nature",
      volume         = "467",
      year           = "2010",
      pages          = "1081-1083",
      doi            = "10.1038/nature09466",
}

@article{Antoniadis:2013pzd,
      author         = "Antoniadis, John and others",
      title          = "{A Massive Pulsar in a Compact Relativistic Binary}",
      journal        = "Science",
      volume         = "340",
      year           = "2013",
      pages          = "6131",
      doi            = "10.1126/science.1233232",
}

@article {Antoniadis1233232,
	author = {Antoniadis, John and others},
	title = {A Massive Pulsar in a Compact Relativistic Binary},
	volume = {340},
	number = {6131},
	year = {2013},
	doi = {10.1126/science.1233232},
	publisher = {American Association for the Advancement of Science},
	issn = {0036-8075},
	URL = {http://science.sciencemag.org/content/340/6131/1233232},
	eprint = {http://science.sciencemag.org/content/340/6131/1233232.full.pdf},
	journal = {Science}
}

@article{Lattimer:2012nd,
      author         = "Lattimer, James M.",
      title          = "{The nuclear equation of state and neutron star masses}",
      journal        = "Ann. Rev. Nucl. Part. Sci.",
      volume         = "62",
      year           = "2012",
      pages          = "485-515",
      doi            = "10.1146/annurev-nucl-102711-095018",
}

@article{Oppenheimer:1939ne,
      author         = "Oppenheimer, J. R. and Volkoff, G. M.",
      title          = "{On Massive neutron cores}",
      journal        = "Phys. Rev.",
      volume         = "55",
      year           = "1939",
      pages          = "374-381",
      doi            = "10.1103/PhysRev.55.374",
}

@article{Tauris:2017omb,
      author         = "Tauris, T. M. and others",
      title          = "{Formation of Double Neutron Star Systems}",
      journal        = "Astrophys. J.",
      volume         = "846",
      year           = "2017",
      number         = "2",
      pages          = "170",
      doi            = "10.3847/1538-4357/aa7e89",
      primaryClass   = "astro-ph.HE",
}

@article{Vines:2011ud,
  author = {Vines, Justin and Flanagan, \'{E}anna \'{E}. and Hinderer, Tanja},
  journal = {Phys. Rev. D},
  volume = {83},
  issue = {8},
  pages = {084051},
  numpages = {7},
  year = {2011},
  month = {Apr},
  publisher = {American Physical Society},
  doi = {10.1103/PhysRevD.83.084051},
  url = {https://link.aps.org/doi/10.1103/PhysRevD.83.084051},
}

@article{Postnikov:2010yn,
      author         = "Postnikov, Sergey and Prakash, Madappa and Lattimer,
                        James M.",
      title          = "{Tidal Love Numbers of Neutron and Self-Bound Quark
                        Stars}",
      journal        = "Phys. Rev.",
      volume         = "D82",
      year           = "2010",
      pages          = "024016",
      doi            = "10.1103/PhysRevD.82.024016",
      primaryClass   = "astro-ph.SR",
      SLACcitation   = "%%CITATION = ARXIV:1004.5098;%%"
}

@article{Lattimer:2012xj,
      author         = "Lattimer, James M. and Lim, Yeunhwan",
      title          = "{Constraining the Symmetry Parameters of the Nuclear
                        Interaction}",
      journal        = "Astrophys. J.",
      volume         = "771",
      year           = "2013",
      pages          = "51",
      doi            = "10.1088/0004-637X/771/1/51",
      primaryClass   = "nucl-th",
      SLACcitation   = "%%CITATION = ARXIV:1203.4286;%%"
}

@article{Gralla:2017djj,
      author         = "Gralla, Samuel E.",
      title          = "{On the Ambiguity in Relativistic Tidal Deformability}",
      journal        = "Class. Quant. Grav.",
      volume         = "35",
      year           = "2018",
      number         = "8",
      pages          = "085002",
      doi            = "10.1088/1361-6382/aab186",
      primaryClass   = "gr-qc",
      SLACcitation   = "%%CITATION = ARXIV:1710.11096;%%"
}

@article{Steiner:2010fz,
      author         = "Steiner, Andrew W. and Lattimer, James M. and Brown,
                        Edward F.",
      title          = "{The Equation of State from Observed Masses and Radii of
                        Neutron Stars}",
      journal        = "Astrophys. J.",
      volume         = "722",
      year           = "2010",
      pages          = "33-54",
      doi            = "10.1088/0004-637X/722/1/33",
      primaryClass   = "astro-ph.HE",
      SLACcitation   = "%%CITATION = ARXIV:1005.0811;%%"
}

@article{Degenaar:2018lle,
      author         = "Degenaar, N. and Suleimanov, V. F.",
      title          = "{Testing the equation of state of neutron stars with
                        electromagnetic observations}",
      year           = "2018",
      eprint         = "1806.02833",
      archivePrefix  = "arXiv",
      primaryClass   = "astro-ph.HE",
      SLACcitation   = "%%CITATION = ARXIV:1806.02833;%%"
}

@article{Gandolfi:2011xu,
      author         = "Gandolfi, S. and Carlson, J. and Reddy, Sanjay",
      title          = "{The maximum mass and radius of neutron stars and the
                        nuclear symmetry energy}",
      journal        = "Phys. Rev.",
      volume         = "C85",
      year           = "2012",
      pages          = "032801",
      doi            = "10.1103/PhysRevC.85.032801",
      primaryClass   = "nucl-th",
      reportNumber   = "LA-UR-10-07356",
      SLACcitation   = "%%CITATION = ARXIV:1101.1921;%%"
}

@article{Lynn:2015jua,
      author         = "Lynn, J. E. and Tews, I. and Carlson, J. and Gandolfi, S. and Gezerlis, A. and Schmidt, K. E. and Schwenk, A.",
      title          = "{Chiral Three-Nucleon Interactions in Light Nuclei,
                        Neutron-$\alpha$ Scattering, and Neutron Matter}",
      journal        = "Phys. Rev. Lett.",
      volume         = "116",
      year           = "2016",
      number         = "6",
      pages          = "062501",
      doi            = "10.1103/PhysRevLett.116.062501",
      primaryClass   = "nucl-th",
      reportNumber   = "LA-UR-15-27045",
      SLACcitation   = "%%CITATION = ARXIV:1509.03470;%%"
}

@article{Drischler:2015eba,
      author         = "Drischler, Christian and Hebeler, Kai and Schwenk, Achim",
      title          = "{Asymmetric nuclear matter based on chiral two- and
                        three-nucleon interactions}",
      journal        = "Phys. Rev.",
      volume         = "C93",
      year           = "2016",
      number         = "5",
      pages          = "054314",
      doi            = "10.1103/PhysRevC.93.054314",
      primaryClass   = "nucl-th",
      SLACcitation   = "%%CITATION = ARXIV:1510.06728;%%"
}

@article{Kolomeitsev:2016sjl,
      author         = "Tews, Ingo and Lattimer, James M. and Ohnishi, Akira and
                        Kolomeitsev, Evgeni E.",
      title          = "{Symmetry Parameter Constraints from a Lower Bound on
                        Neutron-matter Energy}",
      journal        = "Astrophys. J.",
      volume         = "848",
      year           = "2017",
      number         = "2",
      pages          = "105",
      doi            = "10.3847/1538-4357/aa8db9",
      primaryClass   = "nucl-th",
      reportNumber   = "YITP-16-121, INT-PUB-16-045",
      SLACcitation   = "%%CITATION = ARXIV:1611.07133;%%"
}

@article{Tews:2012fj,
      author         = "Tews, I. and Kruger, T. and Hebeler, K. and Schwenk, A.",
      title          = "{Neutron matter at next-to-next-to-next-to-leading order
                        in chiral effective field theory}",
      journal        = "Phys. Rev. Lett.",
      volume         = "110",
      year           = "2013",
      number         = "3",
      pages          = "032504",
      doi            = "10.1103/PhysRevLett.110.032504",
      primaryClass   = "nucl-th",
      SLACcitation   = "%%CITATION = ARXIV:1206.0025;%%"
}

@article{Guillot:2014lla,
      author         = "Guillot, Sebastien and Rutledge, Robert E.",
      title          = "{Rejecting proposed dense-matter equations of state with
                        quiescent low-mass X-ray binaries}",
      journal        = "Astrophys. J.",
      volume         = "796",
      year           = "2014",
      number         = "1",
      pages          = "L3",
      doi            = "10.1088/2041-8205/796/1/L3",
      primaryClass   = "astro-ph.HE",
      SLACcitation   = "%%CITATION = ARXIV:1409.4306;%%"
}

@article{Lattimer:2013hma,
      author         = "Lattimer, James M. and Steiner, Andrew W.",
      title          = "{Neutron Star Masses and Radii from Quiescent Low-Mass
                        X-ray Binaries}",
      journal        = "Astrophys. J.",
      volume         = "784",
      year           = "2014",
      pages          = "123",
      doi            = "10.1088/0004-637X/784/2/123",
      primaryClass   = "astro-ph.HE",
      reportNumber   = "INT-PUB-13-015",
      SLACcitation   = "%%CITATION = ARXIV:1305.3242;%%"
}

@article{Shaw:2018wxh,
      author         = "Shaw, A. W. and Heinke, C. O. and Steiner, A. W. and Campana, S. and Cohn, H. N. and Ho, W. C. G. and Lugger, P. M. and Servillat, M.",
      title          = "{The radius of the quiescent neutron star in the globular
                        cluster M13}",
      doi            = "10.1093/mnras/sty582",
      year           = "2018",
      primaryClass   = "astro-ph.HE",
      SLACcitation   = "%%CITATION = ARXIV:1803.00029;%%"
}

@article{Damour:2012yf,
      author         = "Damour, Thibault and Nagar, Alessandro and Villain, Loic",
      title          = "{Measurability of the tidal polarizability of neutron
                        stars in late-inspiral gravitational-wave signals}",
      journal        = "Phys. Rev.",
      volume         = "D85",
      year           = "2012",
      pages          = "123007",
      doi            = "10.1103/PhysRevD.85.123007",
      primaryClass   = "gr-qc",
      SLACcitation   = "%%CITATION = ARXIV:1203.4352;%%"
}

@article{Abbott:2018wiz,
      author         = "Abbott, B. P. and others",
      title          = "{Properties of the binary neutron star merger GW170817}",
      collaboration  = "Virgo, LIGO Scientific",
      year           = "2018",
      eprint         = "1805.11579",
      archivePrefix  = "arXiv",
      primaryClass   = "gr-qc",
      SLACcitation   = "%%CITATION = ARXIV:1805.11579;%%"
}

@article{Littenberg:2014oda,
      author         = "Littenberg, Tyson B. and Cornish, Neil J.",
      title          = "{Bayesian inference for spectral estimation of
                        gravitational wave detector noise}",
      journal        = "Phys. Rev.",
      volume         = "D91",
      year           = "2015",
      number         = "8",
      pages          = "084034",
      doi            = "10.1103/PhysRevD.91.084034",
      primaryClass   = "gr-qc",
      SLACcitation   = "%%CITATION = ARXIV:1410.3852;%%"
}

@article{Yagi:2016qmr,
      author         = "Yagi, Kent and Yunes, Nicolas",
      title          = "{Approximate Universal Relations among Tidal Parameters
                        for Neutron Star Binaries}",
      journal        = "Class. Quant. Grav.",
      volume         = "34",
      year           = "2017",
      number         = "1",
      pages          = "015006",
      doi            = "10.1088/1361-6382/34/1/015006",
      primaryClass   = "gr-qc",
      SLACcitation   = "%%CITATION = ARXIV:1608.06187;%%"
}

@article{Chatziioannou:2018vzf,
      author         = "Chatziioannou, Katerina and Haster, Carl-Johan and
                        Zimmerman, Aaron",
      title          = "{Measuring the neutron star tidal deformability with
                        equation-of-state-independent relations and gravitational
                        waves}",
      journal        = "Phys. Rev.",
      volume         = "D97",
      year           = "2018",
      number         = "10",
      pages          = "104036",
      doi            = "10.1103/PhysRevD.97.104036",
      primaryClass   = "gr-qc",
      SLACcitation   = "%%CITATION = ARXIV:1804.03221;%%"
}

@article{Abbott:2018exr,
      author         = "Abbott, B. P. and others",
      title          = "{GW170817: Measurements of neutron star radii and
                        equation of state}",
      collaboration  = "Virgo, LIGO Scientific",
      year           = "2018",
      eprint         = "1805.11581",
      archivePrefix  = "arXiv",
      primaryClass   = "gr-qc",
      reportNumber   = "LIGO-P1800115, LIGO-P1800115",
      SLACcitation   = "%%CITATION = ARXIV:1805.11581;%%"
}

@article{vousden:2016,
      author = "Vousden, W. D. and Farr, W. M. and Mandel, I.",
      title = "{Dynamic temperature selection for parallel tempering in Markov chain Monte Carlo simulations}",
journal = {Monthly Notices of the Royal Astronomical Society},
      volume = {455},
      number = {2},
      pages = {1919-1937},
      year = {2016},
      doi = {10.1093/mnras/stv2422},
      URL = {http://dx.doi.org/10.1093/mnras/stv2422}
}

@article{Zhao:2018nyf,
      author         = "Zhao, Tianqi and Lattimer, James M.",
      title          = "{Tidal Deformabilities and Neutron Star Mergers}",
      year           = "2018",
      eprint         = "1808.02858",
      archivePrefix  = "arXiv",
      primaryClass   = "astro-ph.HE",
      SLACcitation   = "%%CITATION = ARXIV:1808.02858;%%"
}

@article{Biwer:2018osg,
      author         = "Biwer, C. M. and Capano, Collin D. and De, Soumi and
                        Cabero, Miriam and Brown, Duncan A. and Nitz, Alexander H.
                        and Raymond, V.",
      title          = "{PyCBC Inference: A Python-based parameter estimation
                        toolkit for compact binary coalescence signals}",
      year           = "2018",
      eprint         = "1807.10312",
      archivePrefix  = "arXiv",
      primaryClass   = "astro-ph.IM",
      SLACcitation   = "%%CITATION = ARXIV:1807.10312;%%"
}

@article{De:2018,
  title = {Tidal Deformabilities and Radii of Neutron Stars from the Observation of GW170817},
  author = {De, Soumi and Finstad, Daniel and Lattimer, James M. and Brown, Duncan A. and Berger, Edo and Biwer, Christopher M.},
  journal = {Phys. Rev. Lett.},
  volume = {121},
  issue = {9},
  pages = {091102},
  numpages = {6},
  year = {2018},
  month = {Aug},
  publisher = {American Physical Society},
  doi = {10.1103/PhysRevLett.121.091102},
  url = {https://link.aps.org/doi/10.1103/PhysRevLett.121.091102}
}

@article{Liu:2016,
author = {Liu, Peigui and Elshall, Ahmed S. and Ye, Ming and Beerli, Peter and Zeng, Xiankui and Lu, Dan and Tao, Yuezan},
title = {Evaluating marginal likelihood with thermodynamic integration method and comparison with several other numerical methods},
year = {2016}, 
journal = {Water Resources Research},
volume = {52},
number = {2},
pages = {734-758},
doi = {10.1002/2014WR016718},
url = {https://agupubs.onlinelibrary.wiley.com/doi/abs/10.1002/2014WR016718},
eprint = {https://agupubs.onlinelibrary.wiley.com/doi/pdf/10.1002/2014WR016718}
}