@article{Abbott:2020uma,
    author = "Abbott, B. P. and others",
    collaboration = "LIGO Scientific, Virgo",
    title = "{GW190425: Observation of a Compact Binary Coalescence with Total Mass $\sim 3.4 M_{\odot}$}",
    eprint = "2001.01761",
    archivePrefix = "arXiv",
    primaryClass = "astro-ph.HE",
    reportNumber = "LIGO-P190425",
    doi = "10.3847/2041-8213/ab75f5",
    journal = "Astrophys. J. Lett.",
    volume = "892",
    number = "1",
    pages = "L3",
    year = "2020"
}



@article{De:2018uhw,
      author         = "De, Soumi and Finstad, Daniel and Lattimer, James M. and
                        Brown, Duncan A. and Berger, Edo and Biwer, Christopher
                        M.",
      title          = "{Tidal Deformabilities and Radii of Neutron Stars from
                        the Observation of GW170817}",
      journal        = "Phys. Rev. Lett.",
      volume         = "121",
      year           = "2018",
      number         = "9",
      pages          = "091102",
      doi            = "10.1103/PhysRevLett.121.259902,
                        10.1103/PhysRevLett.121.091102",
      note           = "[Erratum: Phys. Rev. Lett.121,no.25,259902(2018)]",
      eprint         = "1804.08583",
      archivePrefix  = "arXiv",
      primaryClass   = "astro-ph.HE",
      SLACcitation   = "%%CITATION = ARXIV:1804.08583;%%"
}

@Article{AlMamun21,
  author =      {Al-Mamun, Mohammad and Steiner, Andrew W. and
                  N\"attil\"a, Joonas and Lange, Jacob and
                  O'Shaughnessy, Richard and Tews, Ingo and Gandolfi,
                  Stefano and Heinke, Craig and Han, Sophia},
  title =       {Combining Electromagnetic and Gravitational-Wave
                  Constraints on Neutron-Star Masses and Radii},
  eprint =      {2008.12817},
  journal = {Phys. Rev. Lett. (in press)},
  year =        2021,
  inspireid =   {1814012},
  citations =   3
}

@article{Fattoyev:2017jql,
    author = "Fattoyev, F.J. and Piekarewicz, J. and Horowitz, C.J.",
    title = "{Neutron Skins and Neutron Stars in the Multimessenger Era}",
    eprint = "1711.06615",
    archivePrefix = "arXiv",
    primaryClass = "nucl-th",
    doi = "10.1103/PhysRevLett.120.172702",
    journal = "Phys. Rev. Lett.",
    volume = "120",
    number = "17",
    pages = "172702",
    year = "2018"
}
@article{Annala:2017llu,
    author = "Annala, Eemeli and Gorda, Tyler and Kurkela, Aleksi and Vuorinen, Aleksi",
    title = "{Gravitational-wave constraints on the neutron-star-matter Equation of State}",
    eprint = "1711.02644",
    archivePrefix = "arXiv",
    primaryClass = "astro-ph.HE",
    reportNumber = "CERN-TH-2017-236",
    doi = "10.1103/PhysRevLett.120.172703",
    journal = "Phys. Rev. Lett.",
    volume = "120",
    number = "17",
    pages = "172703",
    year = "2018"
}
@article{Tews:2018iwm,
    author = "Tews, I. and Margueron, J. and Reddy, S.",
    title = "{Critical examination of constraints on the equation of state of dense matter obtained from GW170817}",
    eprint = "1804.02783",
    archivePrefix = "arXiv",
    primaryClass = "nucl-th",
    reportNumber = "INT-PUB-18-014",
    doi = "10.1103/PhysRevC.98.045804",
    journal = "Phys. Rev. C",
    volume = "98",
    number = "4",
    pages = "045804",
    year = "2018"
}
@article{Raithel:2018ncd,
    author = {Raithel, Carolyn and \"Ozel, Feryal and Psaltis, Dimitrios},
    title = "{Tidal deformability from GW170817 as a direct probe of the neutron star radius}",
    eprint = "1803.07687",
    archivePrefix = "arXiv",
    primaryClass = "astro-ph.HE",
    doi = "10.3847/2041-8213/aabcbf",
    journal = "Astrophys. J. Lett.",
    volume = "857",
    number = "2",
    pages = "L23",
    year = "2018"
}

@article{Reed:2021nqk,
    author = "Reed, Brendan T. and Fattoyev, F. J. and Horowitz, C. J. and Piekarewicz, J.",
    title = "{Implications of PREX-2 on the Equation of State of Neutron-Rich Matter}",
    eprint = "2101.03193",
    archivePrefix = "arXiv",
    primaryClass = "nucl-th",
    doi = "10.1103/PhysRevLett.126.172503",
    journal = "Phys. Rev. Lett.",
    volume = "126",
    number = "17",
    pages = "172503",
    year = "2021"
}

@article{Wysocki:2020myz,
    author = "Wysocki, Daniel and O'Shaughnessy, Richard and Wade, Leslie and Lange, Jacob",
    title = "{Inferring the neutron star equation of state simultaneously with the population of merging neutron stars}",
    eprint = "2001.01747",
    archivePrefix = "arXiv",
    primaryClass = "gr-qc",
    reportNumber = "LIGO-P1900359",
    month = "1",
    year = "2020"
}

@article{Vallisneri:2007ev,
    author = "Vallisneri, Michele",
    title = "{Use and abuse of the Fisher information matrix in the assessment of gravitational-wave parameter-estimation prospects}",
    eprint = "gr-qc/0703086",
    archivePrefix = "arXiv",
    reportNumber = "LIGO-P070009-00-Z",
    doi = "10.1103/PhysRevD.77.042001",
    journal = "Phys. Rev. D",
    volume = "77",
    pages = "042001",
    year = "2008"
}

@article{Biwer_2019,
	doi = {10.1088/1538-3873/aaef0b},
	url = {https://doi.org/10.1088/1538-3873/aaef0b},
	year = 2019,
	month = {jan},
	publisher = {{IOP} Publishing},
	volume = {131},
	number = {996},
	pages = {024503},
	author = {C. M. Biwer and Collin D. Capano and Soumi De and Miriam Cabero and Duncan A. Brown and Alexander H. Nitz and V. Raymond},
	title = {{PyCBC} Inference: A Python-based Parameter Estimation Toolkit for Compact Binary Coalescence Signals},
	journal = {Publications of the Astronomical Society of the Pacific},
	abstract = {We introduce new modules in the open-source PyCBC gravitational-wave astronomy toolkit that implement Bayesian inference for compact-object binary mergers. We review the Bayesian inference methods implemented and describe the structure of the modules. We demonstrate that the PyCBC Inference modules produce unbiased estimates of the parameters of a simulated population of binary black hole mergers. We show that the parameters’ posterior distributions obtained using our new code agree well with the published estimates for binary black holes in the first Advanced LIGO–Virgo observing run.}
}

@article{Foreman_Mackey_2013,
   title={emcee: The MCMC Hammer},
   volume={125},
   ISSN={1538-3873},
   url={http://dx.doi.org/10.1086/670067},
   DOI={10.1086/670067},
   number={925},
   journal={Publications of the Astronomical Society of the Pacific},
   publisher={IOP Publishing},
   author={Foreman-Mackey, Daniel and Hogg, David W. and Lang, Dustin and Goodman, Jonathan},
   year={2013},
   month={Mar},
   pages={306–312}
}

@article{Vousden_2015,
   title={Dynamic temperature selection for parallel tempering in Markov chain Monte Carlo simulations},
   volume={455},
   ISSN={1365-2966},
   url={http://dx.doi.org/10.1093/mnras/stv2422},
   DOI={10.1093/mnras/stv2422},
   number={2},
   journal={Monthly Notices of the Royal Astronomical Society},
   publisher={Oxford University Press (OUP)},
   author={Vousden, W. D. and Farr, W. M. and Mandel, I.},
   year={2015},
   month={Nov},
   pages={1919–1937}
}

@ARTICLE{2010CAMCS...5...65G,
       author = {{Goodman}, Jonathan and {Weare}, Jonathan},
        title = "{Ensemble samplers with affine invariance}",
      journal = {Communications in Applied Mathematics and Computational Science},
     keywords = {Markov chain Monte Carlo, affine invariance, ensemble samplers},
         year = 2010,
        month = jan,
       volume = {5},
       number = {1},
        pages = {65-80},
          doi = {10.2140/camcos.2010.5.65},
       adsurl = {https://ui.adsabs.harvard.edu/abs/2010CAMCS...5...65G},
      adsnote = {Provided by the SAO/NASA Astrophysics Data System}
}

@article{Finstad:2020sok,
    author = "Finstad, Daniel and Brown, Duncan A.",
    title = "{Fast Parameter Estimation of Binary Mergers for Multimessenger Follow-up}",
    eprint = "2009.13759",
    archivePrefix = "arXiv",
    primaryClass = "astro-ph.IM",
    doi = "10.3847/2041-8213/abca9e",
    journal = "Astrophys. J. Lett.",
    volume = "905",
    number = "1",
    pages = "L9",
    year = "2020"
}

@article{Dietrich:2017aum,
    author = "Dietrich, Tim and Bernuzzi, Sebastiano and Tichy, Wolfgang",
    title = "{Closed-form tidal approximants for binary neutron star gravitational waveforms constructed from high-resolution numerical relativity simulations}",
    eprint = "1706.02969",
    archivePrefix = "arXiv",
    primaryClass = "gr-qc",
    doi = "10.1103/PhysRevD.96.121501",
    journal = "Phys. Rev. D",
    volume = "96",
    number = "12",
    pages = "121501",
    year = "2017"
}

@article{Vivanco:2019qnt,
    author = "Hernandez Vivanco, Francisco and Smith, Rory and Thrane, Eric and Lasky, Paul D. and Talbot, Colm and Raymond, Vivien",
    title = "{Measuring the neutron star equation of state with gravitational waves: The first forty binary neutron star merger observations}",
    eprint = "1909.02698",
    archivePrefix = "arXiv",
    primaryClass = "gr-qc",
    doi = "10.1103/PhysRevD.100.103009",
    journal = "Phys. Rev. D",
    volume = "100",
    number = "10",
    pages = "103009",
    year = "2019"
}

@article{Abbott:2020gyp,
    author = "Abbott, R. and others",
    collaboration = "LIGO Scientific, Virgo",
    title = "{Population Properties of Compact Objects from the Second LIGO-Virgo Gravitational-Wave Transient Catalog}",
    eprint = "2010.14533",
    archivePrefix = "arXiv",
    primaryClass = "astro-ph.HE",
    reportNumber = "LIGO-P2000077",
    doi = "10.3847/2041-8213/abe949",
    journal = "Astrophys. J. Lett.",
    volume = "913",
    number = "1",
    pages = "L7",
    year = "2021"
}

@article{Harry:2018hke,
    author = "Harry, Ian and Hinderer, Tanja",
    title = "{Observing and measuring the neutron-star equation-of-state in spinning binary neutron star systems}",
    eprint = "1801.09972",
    archivePrefix = "arXiv",
    primaryClass = "gr-qc",
    doi = "10.1088/1361-6382/aac7e3",
    journal = "Class. Quant. Grav.",
    volume = "35",
    number = "14",
    pages = "145010",
    year = "2018"
}

@article{Chen:2014yla,
    author = "Chen, Hsin-Yu and Holz, Daniel E.",
    title = "{The Loudest Gravitational Wave Events}",
    eprint = "1409.0522",
    archivePrefix = "arXiv",
    primaryClass = "gr-qc",
    month = "9",
    year = "2014"
}

@article{Schutz:2011tw,
    author = "Schutz, Bernard F.",
    title = "{Networks of gravitational wave detectors and three figures of merit}",
    eprint = "1102.5421",
    archivePrefix = "arXiv",
    primaryClass = "astro-ph.IM",
    reportNumber = "AEI-2011-008",
    doi = "10.1088/0264-9381/28/12/125023",
    journal = "Class. Quant. Grav.",
    volume = "28",
    pages = "125023",
    year = "2011"
}

@article{Bauswein:2019juq,
    author = "Bauswein, Andreas",
    title = "{Equation of state constraints from multi-messenger observations of neutron star mergers}",
    eprint = "2103.16371",
    archivePrefix = "arXiv",
    primaryClass = "astro-ph.HE",
    doi = "10.1016/j.aop.2019.167958",
    journal = "Annals Phys.",
    volume = "411",
    pages = "167958",
    year = "2019"
}

@article{Coughlin:2018miv,
    author = "Coughlin, Michael W. and others",
    title = "{Constraints on the neutron star equation of state from AT2017gfo using radiative transfer simulations}",
    eprint = "1805.09371",
    archivePrefix = "arXiv",
    primaryClass = "astro-ph.HE",
    doi = "10.1093/mnras/sty2174",
    journal = "Mon. Not. Roy. Astron. Soc.",
    volume = "480",
    number = "3",
    pages = "3871--3878",
    year = "2018"
}

@article{Pacilio:2021jmq,
    author = "Pacilio, Costantino and Maselli, Andrea and Fasano, Margherita and Pani, Paolo",
    title = "{Ranking the Love for the neutron star equation of state: the need for third-generation detectors}",
    eprint = "2104.10035",
    archivePrefix = "arXiv",
    primaryClass = "gr-qc",
    month = "4",
    year = "2021"
}

@MISC{2020ascl.soft12021L,
       author = {{LIGO Scientific Collaboration}},
        title = "{LALSuite: LIGO Scientific Collaboration Algorithm Library Suite}",
     keywords = {Software},
         year = 2020,
        month = dec,
          eid = {ascl:2012.021},
        pages = {ascl:2012.021},
archivePrefix = {ascl},
       eprint = {2012.021},
       adsurl = {https://ui.adsabs.harvard.edu/abs/2020ascl.soft12021L},
      adsnote = {Provided by the SAO/NASA Astrophysics Data System}
}

@article{Cornish:2010kf,
    author = "Cornish, Neil J.",
    title = "{Fast Fisher Matrices and Lazy Likelihoods}",
    eprint = "1007.4820",
    archivePrefix = "arXiv",
    primaryClass = "gr-qc",
    month = "7",
    year = "2010"
}

@article{Riley:2019yda,
    author = "Riley, Thomas E. and others",
    title = "{A $NICER$ View of PSR J0030+0451: Millisecond Pulsar Parameter Estimation}",
    eprint = "1912.05702",
    archivePrefix = "arXiv",
    primaryClass = "astro-ph.HE",
    doi = "10.3847/2041-8213/ab481c",
    journal = "Astrophys. J. Lett.",
    volume = "887",
    number = "1",
    pages = "L21",
    year = "2019"
}

@article{Miller:2021qha,
    author = "Miller, M. C. and others",
    title = "{The Radius of PSR J0740+6620 from NICER and XMM-Newton Data}",
    eprint = "2105.06979",
    archivePrefix = "arXiv",
    primaryClass = "astro-ph.HE",
    month = "5",
    year = "2021"
}

@article{PREX:2021umo,
    author = "Adhikari, D. and others",
    collaboration = "PREX",
    title = "{Accurate Determination of the Neutron Skin Thickness of $^{208}$Pb through Parity-Violation in Electron Scattering}",
    eprint = "2102.10767",
    archivePrefix = "arXiv",
    primaryClass = "nucl-ex",
    doi = "10.1103/PhysRevLett.126.172502",
    journal = "Phys. Rev. Lett.",
    volume = "126",
    number = "17",
    pages = "172502",
    year = "2021"
}

@article{Riley:2021pdl,
    author = "Riley, Thomas E. and others",
    title = "{A NICER View of the Massive Pulsar PSR J0740+6620 Informed by Radio Timing and XMM-Newton Spectroscopy}",
    eprint = "2105.06980",
    archivePrefix = "arXiv",
    primaryClass = "astro-ph.HE",
    month = "5",
    year = "2021"
}

@article{Al-Mamun:2020vzu,
    author = {Al-Mamun, Mohammad and Steiner, Andrew W. and N\"attil\"a, Joonas and Lange, Jacob and O'Shaughnessy, Richard and Tews, Ingo and Gandolfi, Stefano and Heinke, Craig and Han, Sophia},
    title = "{Combining Electromagnetic and Gravitational-Wave Constraints on Neutron-Star Masses and Radii}",
    eprint = "2008.12817",
    archivePrefix = "arXiv",
    primaryClass = "astro-ph.HE",
    reportNumber = "LA-UR-20-26423",
    doi = "10.1103/PhysRevLett.126.061101",
    journal = "Phys. Rev. Lett.",
    volume = "126",
    number = "6",
    pages = "061101",
    year = "2021"
}

@article{Raaijmakers:2019qny,
    author = "Raaijmakers, G. and others",
    title = "{A $NICER$ view of PSR J0030+0451: Implications for the dense matter equation of state}",
    eprint = "1912.05703",
    archivePrefix = "arXiv",
    primaryClass = "astro-ph.HE",
    doi = "10.3847/2041-8213/ab451a",
    journal = "Astrophys. J. Lett.",
    volume = "887",
    number = "1",
    pages = "L22",
    year = "2019"
}

@article{LIGOScientific:2020zkf,
    author = "Abbott, R. and others",
    collaboration = "LIGO Scientific, Virgo",
    title = "{GW190814: Gravitational Waves from the Coalescence of a 23 Solar Mass Black Hole with a 2.6 Solar Mass Compact Object}",
    eprint = "2006.12611",
    archivePrefix = "arXiv",
    primaryClass = "astro-ph.HE",
    reportNumber = "LIGO-P190814",
    doi = "10.3847/2041-8213/ab960f",
    journal = "Astrophys. J. Lett.",
    volume = "896",
    number = "2",
    pages = "L44",
    year = "2020"
}

@article{LIGOScientific:2021qlt,
    author = "Abbott, R. and others",
    collaboration = "LIGO Scientific, KAGRA, VIRGO",
    title = "{Observation of Gravitational Waves from Two Neutron Star\textendash{}Black Hole Coalescences}",
    eprint = "2106.15163",
    archivePrefix = "arXiv",
    primaryClass = "astro-ph.HE",
    reportNumber = "LIGO Document P2000357",
    doi = "10.3847/2041-8213/ac082e",
    journal = "Astrophys. J. Lett.",
    volume = "915",
    number = "1",
    pages = "L5",
    year = "2021"
}

@article{LIGOScientific:2020aai,
    author = "Abbott, B. P. and others",
    collaboration = "LIGO Scientific, Virgo",
    title = "{GW190425: Observation of a Compact Binary Coalescence with Total Mass $\sim 3.4 M_{\odot}$}",
    eprint = "2001.01761",
    archivePrefix = "arXiv",
    primaryClass = "astro-ph.HE",
    reportNumber = "LIGO-P190425",
    doi = "10.3847/2041-8213/ab75f5",
    journal = "Astrophys. J. Lett.",
    volume = "892",
    number = "1",
    pages = "L3",
    year = "2020"
}

@article{LIGOScientific:2017vwq,
    author = "Abbott, B. P. and others",
    collaboration = "LIGO Scientific, Virgo",
    title = "{GW170817: Observation of Gravitational Waves from a Binary Neutron Star Inspiral}",
    eprint = "1710.05832",
    archivePrefix = "arXiv",
    primaryClass = "gr-qc",
    reportNumber = "LIGO-P170817",
    doi = "10.1103/PhysRevLett.119.161101",
    journal = "Phys. Rev. Lett.",
    volume = "119",
    number = "16",
    pages = "161101",
    year = "2017"
}

@article{Radice:2018ozg,
    author = "Radice, David and Dai, Liang",
    title = "{Multimessenger Parameter Estimation of GW170817}",
    eprint = "1810.12917",
    archivePrefix = "arXiv",
    primaryClass = "astro-ph.HE",
    doi = "10.1140/epja/i2019-12716-4",
    journal = "Eur. Phys. J. A",
    volume = "55",
    number = "4",
    pages = "50",
    year = "2019"
}

@misc{CE:NoiseCurves,
  author       = {Kuns, Kevin and Hall, Evan and Smith, Joshua and Evans,  Matthew and Fritschel, Peter and Wipf, Christopher and Ballmer, Stefan  },
  title        = {Cosmic Explorer Sensitivity Curves},
  year         = 2020,
  url          = {https://dcc.cosmicexplorer.org/CE-T2000017/public}
}

@article{Caves:1981hw,
    author = "Caves, C. M.",
    title = "{Quantum Mechanical Noise in an Interferometer}",
    doi = "10.1103/PhysRevD.23.1693",
    journal = "Phys. Rev. D",
    volume = "23",
    pages = "1693--1708",
    year = "1981"
}

@misc{CEHS,
  title = {Cosmic Explorer Horizon Study},
  howpublished = {\url{https://dcc.cosmicexplorer.org/CE-P2100003}}
}

@article{Dietrich:2020efo,
    author = "Dietrich, Tim and Coughlin, Michael W. and Pang, Peter T. H. and Bulla, Mattia and Heinzel, Jack and Issa, Lina and Tews, Ingo and Antier, Sarah",
    title = "{Multimessenger constraints on the neutron-star equation of state and the Hubble constant}",
    eprint = "2002.11355",
    archivePrefix = "arXiv",
    primaryClass = "astro-ph.HE",
    reportNumber = "LA-UR-20-21470",
    doi = "10.1126/science.abb4317",
    journal = "Science",
    volume = "370",
    number = "6523",
    pages = "1450--1453",
    year = "2020"
}
