@ARTICLE{Alexander2018,
   author = {{Alexander}, K.~D. and {Margutti}, R. and {Blanchard}, P.~K. and 
	{Fong}, W. and {Berger}, E. and {Hajela}, A. and {Eftekhari}, T. and 
	{Chornock}, R. and {Cowperthwaite}, P.~S. and {Giannios}, D. and 
	{Guidorzi}, C. and {Kathirgamaraju}, A. and {MacFadyen}, A. and 
	{Metzger}, B.~D. and {Nicholl}, M. and {Sironi}, L. and {Villar}, V.~A. and 
	{Williams}, P.~K.~G. and {Xie}, X. and {Zrake}, J.},
    title = "{A Decline in the X-ray through Radio Emission from GW170817 Continues to Support an Off-Axis Structured Jet}",
  journal = {ArXiv e-prints},
archivePrefix = "arXiv",
   eprint = {1805.02870},
 primaryClass = "astro-ph.HE",
 keywords = {Astrophysics - High Energy Astrophysical Phenomena},
     year = 2018,
    month = may,
   adsurl = {http://adsabs.harvard.edu/abs/2018arXiv180502870A},
  adsnote = {Provided by the SAO/NASA Astrophysics Data System}
}

@article{Cantiello:2018ffy,
      author         = "Cantiello, Michele and others",
      title          = "{A Precise Distance to the Host Galaxy of the Binary
                        Neutron Star Merger GW170817 Using Surface Brightness
                        Fluctuations}",
      journal        = "Astrophys. J.",
      volume         = "854",
      year           = "2018",
      number         = "2",
      pages          = "L31",
      doi            = "10.3847/2041-8213/aaad64",
      eprint         = "1801.06080",
      archivePrefix  = "arXiv",
      primaryClass   = "astro-ph.GA",
      SLACcitation   = "%%CITATION = ARXIV:1801.06080;%%"
}

@article{TheLIGOScientific:2017qsa,
      author         = "Abbott, B. P. and others",
      title          = "{GW170817: Observation of Gravitational Waves from a
                        Binary Neutron Star Inspiral}",
      collaboration  = "Virgo, LIGO Scientific",
      journal        = "Phys. Rev. Lett.",
      volume         = "119",
      year           = "2017",
      number         = "16",
      pages          = "161101",
      doi            = "10.1103/PhysRevLett.119.161101",
      eprint         = "1710.05832",
      archivePrefix  = "arXiv",
      primaryClass   = "gr-qc",
      reportNumber   = "LIGO-P170817",
      SLACcitation   = "%%CITATION = ARXIV:1710.05832;%%"
}

@article{Lazzati:2017zsj,
      author         = "Lazzati, Davide and Perna, Rosalba and Morsony, Brian J.
                        and López-Cámara, Diego and Cantiello, Matteo and
                        Ciolfi, Riccardo and Giacomazzo, Bruno and Workman, Jared
                        C.",
      title          = "{Late time afterglow observations reveal a collimated
                        relativistic jet in the ejecta of the binary neutron star
                        merger GW170817}",
      year           = "2017",
      eprint         = "1712.03237",
      archivePrefix  = "arXiv",
      primaryClass   = "astro-ph.HE",
      SLACcitation   = "%%CITATION = ARXIV:1712.03237;%%"
}

@article{Margutti:2018xqd,
      author         = "Margutti, R. and others",
      title          = "{The Binary Neutron Star Event LIGO/Virgo GW170817 160
                        Days after Merger: Synchrotron Emission across the
                        Electromagnetic Spectrum}",
      journal        = "Astrophys. J.",
      volume         = "856",
      year           = "2018",
      number         = "1",
      pages          = "L18",
      doi            = "10.3847/2041-8213/aab2ad",
      eprint         = "1801.03531",
      archivePrefix  = "arXiv",
      primaryClass   = "astro-ph.HE",
      SLACcitation   = "%%CITATION = ARXIV:1801.03531;%%"
}

@article{Goldstein:2017mmi,
      author         = "Goldstein, A. and others",
      title          = "{An Ordinary Short Gamma-Ray Burst with Extraordinary
                        Implications: Fermi-GBM Detection of GRB 170817A}",
      journal        = "Astrophys. J.",
      volume         = "848",
      year           = "2017",
      number         = "2",
      pages          = "L14",
      doi            = "10.3847/2041-8213/aa8f41",
      eprint         = "1710.05446",
      archivePrefix  = "arXiv",
      primaryClass   = "astro-ph.HE",
      SLACcitation   = "%%CITATION = ARXIV:1710.05446;%%"
}

@article{Savchenko:2017ffs,
      author         = "Savchenko, V. and others",
      title          = "{INTEGRAL Detection of the First Prompt Gamma-Ray Signal
                        Coincident with the Gravitational-wave Event GW170817}",
      journal        = "Astrophys. J.",
      volume         = "848",
      year           = "2017",
      number         = "2",
      pages          = "L15",
      doi            = "10.3847/2041-8213/aa8f94",
      eprint         = "1710.05449",
      archivePrefix  = "arXiv",
      primaryClass   = "astro-ph.HE",
      SLACcitation   = "%%CITATION = ARXIV:1710.05449;%%"
}

@article{Coulter:2017wya,
      author         = "Coulter, D. A. and others",
      title          = "{Swope Supernova Survey 2017a (SSS17a), the Optical
                        Counterpart to a Gravitational Wave Source}",
      journal        = "Science",
      year           = "2017",
      doi            = "10.1126/science.aap9811",
      note           = "[Science358,1556(2017)]",
      eprint         = "1710.05452",
      archivePrefix  = "arXiv",
      primaryClass   = "astro-ph.HE",
      SLACcitation   = "%%CITATION = ARXIV:1710.05452;%%"
}

@article{Soares-Santos:2017lru,
      author         = "Soares-Santos, M. and others",
      title          = "{The Electromagnetic Counterpart of the Binary Neutron
                        Star Merger LIGO/Virgo GW170817. I. Discovery of the
                        Optical Counterpart Using the Dark Energy Camera}",
      collaboration  = "Dark Energy Camera GW-EM, DES",
      journal        = "Astrophys. J.",
      volume         = "848",
      year           = "2017",
      number         = "2",
      pages          = "L16",
      doi            = "10.3847/2041-8213/aa9059",
      eprint         = "1710.05459",
      archivePrefix  = "arXiv",
      primaryClass   = "astro-ph.HE",
      reportNumber   = "FERMILAB-PUB-17-454-AE-CD-PPD",
      SLACcitation   = "%%CITATION = ARXIV:1710.05459;%%"
}

@article{Valenti:2017ngx,
      author         = "Valenti, Stefano and Sand, David J. and Yang, Sheng and
                        Cappellaro, Enrico and Tartaglia, Leonardo and Corsi,
                        Alessandra and Jha, Saurabh W. and Reichart, Daniel E. and
                        Haislip, Joshua and Kouprianov, Vladimir",
      title          = "{The discovery of the electromagnetic counterpart of
                        GW170817: kilonova AT 2017gfo/DLT17ck}",
      journal        = "Astrophys. J.",
      volume         = "848",
      year           = "2017",
      number         = "2",
      pages          = "L24",
      doi            = "10.3847/2041-8213/aa8edf",
      eprint         = "1710.05854",
      archivePrefix  = "arXiv",
      primaryClass   = "astro-ph.HE",
      SLACcitation   = "%%CITATION = ARXIV:1710.05854;%%"
}

@article{Chornock:2017sdf,
      author         = "Chornock, R. and others",
      title          = "{The Electromagnetic Counterpart of the Binary Neutron
                        Star Merger LIGO/VIRGO GW170817. IV. Detection of
                        Near-infrared Signatures of r-process Nucleosynthesis with
                        Gemini-South}",
      journal        = "Astrophys. J.",
      volume         = "848",
      year           = "2017",
      number         = "2",
      pages          = "L19",
      doi            = "10.3847/2041-8213/aa905c",
      eprint         = "1710.05454",
      archivePrefix  = "arXiv",
      primaryClass   = "astro-ph.HE",
      reportNumber   = "FERMILAB-PUB-17-497-A-AE-CD",
      SLACcitation   = "%%CITATION = ARXIV:1710.05454;%%"
}

@article{Cowperthwaite:2017dyu,
      author         = "Cowperthwaite, P. S. and others",
      title          = "{The Electromagnetic Counterpart of the Binary Neutron
                        Star Merger LIGO/Virgo GW170817. II. UV, Optical, and
                        Near-infrared Light Curves and Comparison to Kilonova
                        Models}",
      journal        = "Astrophys. J.",
      volume         = "848",
      year           = "2017",
      number         = "2",
      pages          = "L17",
      doi            = "10.3847/2041-8213/aa8fc7",
      eprint         = "1710.05840",
      archivePrefix  = "arXiv",
      primaryClass   = "astro-ph.HE",
      reportNumber   = "FERMILAB-PUB-17-470-A-AE-CD-PPD",
      SLACcitation   = "%%CITATION = ARXIV:1710.05840;%%"
}

@article{Kasliwal:2017ngb,
      author         = "Kasliwal, M. M. and others",
      title          = "{Illuminating Gravitational Waves: A Concordant Picture
                        of Photons from a Neutron Star Merger}",
      journal        = "Science",
      volume         = "358",
      year           = "2017",
      pages          = "1559",
      doi            = "10.1126/science.aap9455",
      eprint         = "1710.05436",
      archivePrefix  = "arXiv",
      primaryClass   = "astro-ph.HE",
      SLACcitation   = "%%CITATION = ARXIV:1710.05436;%%"
}

@article{Nicholl:2017ahq,
      author         = "Nicholl, M. and others",
      title          = "{The Electromagnetic Counterpart of the Binary Neutron
                        Star Merger LIGO/VIRGO GW170817. III. Optical and UV
                        Spectra of a Blue Kilonova From Fast Polar Ejecta}",
      journal        = "Astrophys. J.",
      volume         = "848",
      year           = "2017",
      number         = "2",
      pages          = "L18",
      doi            = "10.3847/2041-8213/aa9029",
      eprint         = "1710.05456",
      archivePrefix  = "arXiv",
      primaryClass   = "astro-ph.HE",
      reportNumber   = "FERMILAB-PUB-17-475-AE-CD",
      SLACcitation   = "%%CITATION = ARXIV:1710.05456;%%"
}

@article{Pian:2017gtc,
      author         = "Pian, E. and others",
      title          = "{Spectroscopic identification of r-process
                        nucleosynthesis in a double neutron star merger}",
      journal        = "Nature",
      volume         = "551",
      year           = "2017",
      pages          = "67-70",
      doi            = "10.1038/nature24298",
      eprint         = "1710.05858",
      archivePrefix  = "arXiv",
      primaryClass   = "astro-ph.HE",
      SLACcitation   = "%%CITATION = ARXIV:1710.05858;%%"
}


@article{Smartt:2017fuw,
      author         = "Smartt, S. J. and others",
      title          = "{A kilonova as the electromagnetic counterpart to a
                        gravitational-wave source}",
      journal        = "Nature",
      volume         = "551",
      year           = "2017",
      number         = "7678",
      pages          = "75-79",
      doi            = "10.1038/nature24303",
      eprint         = "1710.05841",
      archivePrefix  = "arXiv",
      primaryClass   = "astro-ph.HE",
      SLACcitation   = "%%CITATION = ARXIV:1710.05841;%%"
}

@article{Villar:2017wcc,
      author         = "Villar, V. Ashley and others",
      title          = "{The Combined Ultraviolet, Optical, and Near-Infrared
                        Light Curves of the Kilonova Associated with the Binary
                        Neutron Star Merger GW170817: Unified Data Set, Analytic
                        Models, and Physical Implications}",
      journal        = "Astrophys. J.",
      volume         = "851",
      year           = "2017",
      number         = "1",
      pages          = "L21",
      doi            = "10.3847/2041-8213/aa9c84",
      eprint         = "1710.11576",
      archivePrefix  = "arXiv",
      primaryClass   = "astro-ph.HE",
      SLACcitation   = "%%CITATION = ARXIV:1710.11576;%%"
}

@article{Alexander:2017aly,
      author         = "Alexander, K. D. and others",
      title          = "{The Electromagnetic Counterpart of the Binary Neutron
                        Star Merger LIGO/VIRGO GW170817. VI. Radio Constraints on
                        a Relativistic Jet and Predictions for Late-Time Emission
                        from the Kilonova Ejecta}",
      journal        = "Astrophys. J.",
      volume         = "848",
      year           = "2017",
      number         = "2",
      pages          = "L21",
      doi            = "10.3847/2041-8213/aa905d",
      eprint         = "1710.05457",
      archivePrefix  = "arXiv",
      primaryClass   = "astro-ph.HE",
      reportNumber   = "FERMILAB-PUB-17-474-A-AE-CD",
      SLACcitation   = "%%CITATION = ARXIV:1710.05457;%%"
}

@article{Margutti:2017cjl,
      author         = "Margutti, Raffaella and others",
      title          = "{The Electromagnetic Counterpart of the Binary Neutron
                        Star Merger LIGO/VIRGO GW170817. V. Rising X-ray Emission
                        from an Off-Axis Jet}",
      journal        = "Astrophys. J.",
      volume         = "848",
      year           = "2017",
      number         = "2",
      pages          = "L20",
      doi            = "10.3847/2041-8213/aa9057",
      eprint         = "1710.05431",
      archivePrefix  = "arXiv",
      primaryClass   = "astro-ph.HE",
      reportNumber   = "FERMILAB-PUB-17-499-A-AE-CD",
      SLACcitation   = "%%CITATION = ARXIV:1710.05431;%%"
}

@article{Mooley:2017enz,
      author         = "Mooley, K. P. and others",
      title          = "{A mildly relativistic wide-angle outflow in the neutron
                        star merger GW170817}",
      journal        = "Nature",
      volume         = "554",
      year           = "2018",
      pages          = "207",
      doi            = "10.1038/nature25452",
      eprint         = "1711.11573",
      archivePrefix  = "arXiv",
      primaryClass   = "astro-ph.HE",
      SLACcitation   = "%%CITATION = ARXIV:1711.11573;%%"
}

@article{Wahlquist:1987rx,
      author         = "Wahlquist, H.",
      title          = "{The Doppler Response to Gravitational Waves From a
                        Binary Star Source}",
      journal        = "Gen. Rel. Grav.",
      volume         = "19",
      year           = "1987",
      pages          = "1101-1113",
      doi            = "10.1007/BF00759146",
      SLACcitation   = "%%CITATION = GRGVA,19,1101;%%"
}

@article{Abbott:2017xzu,
      author         = "Abbott, B. P. and others",
      title          = "{A gravitational-wave standard siren measurement of the
                        Hubble constant}",
      collaboration  = "LIGO Scientific, VINROUGE, Las Cumbres Observatory, DES,
                        DLT40, Virgo, 1M2H, Dark Energy Camera GW-E, MASTER",
      journal        = "Nature",
      volume         = "551",
      year           = "2017",
      number         = "7678",
      pages          = "85-88",
      doi            = "10.1038/nature24471",
      eprint         = "1710.05835",
      archivePrefix  = "arXiv",
      primaryClass   = "astro-ph.CO",
      reportNumber   = "LIGO-P1700296, FERMILAB-PUB-17-472-A-AE",
      SLACcitation   = "%%CITATION = ARXIV:1710.05835;%%"
}

@article{Mandel:2017fwk,
      author         = "Mandel, Ilya",
      title          = "{The Orbit of GW170817 Was Inclined by Less Than 28° to
                        the Line of Sight}",
      journal        = "Astrophys. J.",
      volume         = "853",
      year           = "2018",
      number         = "1",
      pages          = "L12",
      doi            = "10.3847/2041-8213/aaa6c1",
      eprint         = "1712.03958",
      archivePrefix  = "arXiv",
      primaryClass   = "astro-ph.HE",
      SLACcitation   = "%%CITATION = ARXIV:1712.03958;%%"
}

@article{Christensen:2001cr,
      author         = "Christensen, Nelson and Meyer, Renate",
      title          = "{Using Markov chain Monte Carlo methods for estimating
                        parameters with gravitational radiation data}",
      journal        = "Phys. Rev.",
      volume         = "D64",
      year           = "2001",
      pages          = "022001",
      doi            = "10.1103/PhysRevD.64.022001",
      eprint         = "gr-qc/0102018",
      archivePrefix  = "arXiv",
      primaryClass   = "gr-qc",
      SLACcitation   = "%%CITATION = GR-QC/0102018;%%"
}

@article{Finn:2000hj,
      author         = "Finn, Lee Samuel",
      title          = "{Aperture synthesis for gravitational wave data analysis:
                        Deterministic sources}",
      journal        = "Phys. Rev.",
      volume         = "D63",
      year           = "2001",
      pages          = "102001",
      doi            = "10.1103/PhysRevD.63.102001",
      eprint         = "gr-qc/0010033",
      archivePrefix  = "arXiv",
      primaryClass   = "gr-qc",
      SLACcitation   = "%%CITATION = GR-QC/0010033;%%"
}

@article{Rover:2006bb,
      author         = "Rover, Christian and Meyer, Renate and Christensen,
                        Nelson",
      title          = "{Coherent Bayesian inference on compact binary inspirals
                        using a network of interferometric gravitational wave
                        detectors}",
      journal        = "Phys. Rev.",
      volume         = "D75",
      year           = "2007",
      pages          = "062004",
      doi            = "10.1103/PhysRevD.75.062004",
      eprint         = "gr-qc/0609131",
      archivePrefix  = "arXiv",
      primaryClass   = "gr-qc",
      SLACcitation   = "%%CITATION = GR-QC/0609131;%%"
}

@article{Brown:2012qf,
      author         = "Brown, Duncan A. and Harry, Ian and Lundgren, Andrew and
                        Nitz, Alexander H.",
      title          = "{Detecting binary neutron star systems with spin in
                        advanced gravitational-wave detectors}",
      journal        = "Phys. Rev.",
      volume         = "D86",
      year           = "2012",
      pages          = "084017",
      doi            = "10.1103/PhysRevD.86.084017",
      eprint         = "1207.6406",
      archivePrefix  = "arXiv",
      primaryClass   = "gr-qc",
      reportNumber   = "LIGO-DOCUMENT-P1200082",
      SLACcitation   = "%%CITATION = ARXIV:1207.6406;%%"
}

@article{Vallisneri:2014vxa,
      author         = "Vallisneri, Michele and Kanner, Jonah and Williams, Roy
                        and Weinstein, Alan and Stephens, Branson",
      title          = "{The LIGO Open Science Center}",
      booktitle      = "{Proceedings, 10th International LISA Symposium:
                        Gainesville, Florida, USA, May 18-23, 2014}",
      journal        = "J. Phys. Conf. Ser.",
      volume         = "610",
      year           = "2015",
      number         = "1",
      pages          = "012021",
      doi            = "10.1088/1742-6596/610/1/012021",
      eprint         = "1410.4839",
      archivePrefix  = "arXiv",
      primaryClass   = "gr-qc",
      SLACcitation   = "%%CITATION = ARXIV:1410.4839;%%"
}

@misc{pycbc-software,
  author       = {Alex Nitz and
                  Ian Harry and
                  Duncan Brown and
                  Christopher M. Biwer and
                  Josh Willis and
                  Tito Dal Canton and
                  Larne Pekowsky and
                  Thomas Dent and
                  Andrew R. Williamson and
                  Collin Capano and
                  Soumi De and
                  Miriam Cabero and
                  Bernd Machenschalk and
                  Prayush Kumar and
                  Steven Reyes and
                  Thomas Massinger and
                  Amber Lenon and
                  Stephen Fairhurst and
                  Alex Nielsen and
                  shasvath and
                  Duncan Macleod and
                  Francesco Pannarale and
                  Leo Singer and
                  Stanislav Babak and
                  Hunter Gabbard and
                  Daniel Finstad and
                  John Veitch and
                  CBC Sugar and
                  Sebastian Khan and
                  Lorena Magaña Zertuche},
  title        = {ligo-cbc/pycbc: Post-O2 Release 6},
  month        = feb,
  year         = 2018,
  doi          = {10.5281/zenodo.1183449},
  url          = {https://doi.org/10.5281/zenodo.1183449}
}

@article{pycbc-inference,
  author       = {Christopher M. Biwer and
                  Collin Capano and others
                  },
  year = {In preparation. }
}

@article{Allen:2005fk,
      author         = "Allen, Bruce and Anderson, Warren G. and Brady, Patrick
                        R. and Brown, Duncan A. and Creighton, Jolien D. E.",
      title          = "{FINDCHIRP: An Algorithm for detection of gravitational
                        waves from inspiraling compact binaries}",
      journal        = "Phys. Rev.",
      volume         = "D85",
      year           = "2012",
      pages          = "122006",
      doi            = "10.1103/PhysRevD.85.122006",
      eprint         = "gr-qc/0509116",
      archivePrefix  = "arXiv",
      primaryClass   = "gr-qc",
      SLACcitation   = "%%CITATION = GR-QC/0509116;%%"
}

@article{Buonanno:2009zt,
      author         = "Buonanno, Alessandra and Iyer, Bala and Ochsner, Evan and
                        Pan, Yi and Sathyaprakash, B. S.",
      title          = "{Comparison of post-Newtonian templates for compact
                        binary inspiral signals in gravitational-wave detectors}",
      journal        = "Phys. Rev.",
      volume         = "D80",
      year           = "2009",
      pages          = "084043",
      doi            = "10.1103/PhysRevD.80.084043",
      eprint         = "0907.0700",
      archivePrefix  = "arXiv",
      primaryClass   = "gr-qc",
      SLACcitation   = "%%CITATION = ARXIV:0907.0700;%%"
}

@article{Arun:2008kb,
      author         = "Arun, K. G. and Buonanno, Alessandra and Faye, Guillaume
                        and Ochsner, Evan",
      title          = "{Higher-order spin effects in the amplitude and phase of
                        gravitational waveforms emitted by inspiraling compact
                        binaries: Ready-to-use gravitational waveforms}",
      journal        = "Phys. Rev.",
      volume         = "D79",
      year           = "2009",
      pages          = "104023",
      doi            = "10.1103/PhysRevD.79.104023, 10.1103/PhysRevD.84.049901",
      note           = "[Erratum: Phys. Rev.D84,049901(2011)]",
      eprint         = "0810.5336",
      archivePrefix  = "arXiv",
      primaryClass   = "gr-qc",
      SLACcitation   = "%%CITATION = ARXIV:0810.5336;%%"
}

@article{Mikoczi:2005dn,
      author         = "Mikoczi, Balazs and Vasuth, Matyas and Gergely, Laszlo
                        A.",
      title          = "{Self-interaction spin effects in inspiralling compact
                        binaries}",
      journal        = "Phys. Rev.",
      volume         = "D71",
      year           = "2005",
      pages          = "124043",
      doi            = "10.1103/PhysRevD.71.124043",
      eprint         = "astro-ph/0504538",
      archivePrefix  = "arXiv",
      primaryClass   = "astro-ph",
      SLACcitation   = "%%CITATION = ASTRO-PH/0504538;%%"
}

@article{Bohe:2013cla,
      author         = "Bohé, Alejandro and Marsat, Sylvain and Blanchet, Luc",
      title          = "{Next-to-next-to-leading order spin–orbit effects in
                        the gravitational wave flux and orbital phasing of compact
                        binaries}",
      journal        = "Class. Quant. Grav.",
      volume         = "30",
      year           = "2013",
      pages          = "135009",
      doi            = "10.1088/0264-9381/30/13/135009",
      eprint         = "1303.7412",
      archivePrefix  = "arXiv",
      primaryClass   = "gr-qc",
      SLACcitation   = "%%CITATION = ARXIV:1303.7412;%%"
}

@article{Cahillane:2017vkb,
      author         = "Cahillane, Craig and others",
      title          = "{Calibration uncertainty for Advanced LIGO’s first and
                        second observing runs}",
      collaboration  = "LIGO Scientific",
      journal        = "Phys. Rev.",
      volume         = "D96",
      year           = "2017",
      number         = "10",
      pages          = "102001",
      doi            = "10.1103/PhysRevD.96.102001",
      eprint         = "1708.03023",
      archivePrefix  = "arXiv",
      primaryClass   = "astro-ph.IM",
      SLACcitation   = "%%CITATION = ARXIV:1708.03023;%%"
}

@article{Viets:2017yvy,
      author         = "Viets, Aaron and others",
      title          = "{Reconstructing the calibrated strain signal in the
                        Advanced LIGO detectors}",
      journal        = "Class. Quant. Grav.",
      volume         = "35",
      year           = "2018",
      number         = "9",
      pages          = "095015",
      doi            = "10.1088/1361-6382/aab658",
      eprint         = "1710.09973",
      archivePrefix  = "arXiv",
      primaryClass   = "astro-ph.IM",
      SLACcitation   = "%%CITATION = ARXIV:1710.09973;%%"
}

@article{Schutz:1986gp,
      author         = "Schutz, Bernard F.",
      title          = "{Determining the Hubble Constant from Gravitational Wave
                        Observations}",
      journal        = "Nature",
      volume         = "323",
      year           = "1986",
      pages          = "310-311",
      doi            = "10.1038/323310a0",
      SLACcitation   = "%%CITATION = NATUA,323,310;%%"
}

@article{Finn:1992xs,
      author         = "Finn, Lee Samuel and Chernoff, David F.",
      title          = "{Observing binary inspiral in gravitational radiation:
                        One interferometer}",
      journal        = "Phys. Rev.",
      volume         = "D47",
      year           = "1993",
      pages          = "2198-2219",
      doi            = "10.1103/PhysRevD.47.2198",
      eprint         = "gr-qc/9301003",
      archivePrefix  = "arXiv",
      primaryClass   = "gr-qc",
      reportNumber   = "PRINT-93-0138 (NORTHWESTERN)",
      SLACcitation   = "%%CITATION = GR-QC/9301003;%%"
}

@article{Cutler:1994ys,
      author         = "Cutler, Curt and Flanagan, Eanna E.",
      title          = "{Gravitational waves from merging compact binaries: How
                        accurately can one extract the binary's parameters from
                        the inspiral wave form?}",
      journal        = "Phys. Rev.",
      volume         = "D49",
      year           = "1994",
      pages          = "2658-2697",
      doi            = "10.1103/PhysRevD.49.2658",
      eprint         = "gr-qc/9402014",
      archivePrefix  = "arXiv",
      primaryClass   = "gr-qc",
      reportNumber   = "GRP-369",
      SLACcitation   = "%%CITATION = GR-QC/9402014;%%"
}

@article{Troja:2017nqp,
      author         = "Troja, E. and others",
      title          = "{The X-ray counterpart to the gravitational wave event GW
                        170817}",
      journal        = "Nature",
      volume         = "551",
      year           = "2017",
      pages          = "71-74",
      doi            = "10.1038/nature24290",
      note           = "[Nature551,71(2017)]",
      eprint         = "1710.05433",
      archivePrefix  = "arXiv",
      primaryClass   = "astro-ph.HE",
      SLACcitation   = "%%CITATION = ARXIV:1710.05433;%%"
}

@article{Guidorzi:2017ogy,
      author         = "Guidorzi, C. and others",
      title          = "{Improved Constraints on $H_0$ from a Combined Analysis
                        of Gravitational-wave and Electromagnetic Emission from
                        GW170817}",
      journal        = "Astrophys. J.",
      volume         = "851",
      year           = "2017",
      number         = "2",
      pages          = "L36",
      doi            = "10.3847/2041-8213/aaa009",
      eprint         = "1710.06426",
      archivePrefix  = "arXiv",
      primaryClass   = "astro-ph.CO",
      reportNumber   = "FERMILAB-PUB-17-469-A",
      SLACcitation   = "%%CITATION = ARXIV:1710.06426;%%"
}

@article{emcee,
   author = {{Foreman-Mackey}, D. and others},
    title = {emcee: The MCMC Hammer},
  journal = {PASP},
     year = 2013,
   volume = 125,
    pages = {306-312},
      doi = {10.1086/670067}
}

@misc{lal,
year = 2017,
note = {{https://git.ligo.org/lscsoft/lalsuite}},
publisher = {Commit hash version \texttt{8cbd1b7187}},
author = {Mercer, R. A. and others},
title = {{LIGO Algorithm Library}}
}

@manual{gw170817-losc,
year = 2017,
title = {{LOSC CLN Data Products for GW170817}},
author = {Blackburn, Kent and others},
url = "https://dcc.ligo.org/P1700349/public",
doi = {doi:10.7935/K5B8566F}
}

@misc{gw170817-noise,
year = 2017,
title = {Offline noise subtraction for {Advanced LIGO}},
author = {Driggers, J and Vitale, S and Lundgren, A and Evans, M and Kawabe, K and Dwyer, S and Izumi, K and Fritschel, P},
publisher = {{LIGO} {D}ocument {C}ontrol {C}enter},
note = {{https://dcc.ligo.org/LIGO-P1700260/public}}
}

@article{mma,
      author         = "Abbott, B. P. and others",
      title          = "{Multi-messenger Observations of a Binary Neutron Star
                        Merger}",
      collaboration  = "GROND, SALT Group, OzGrav, DFN, INTEGRAL, Virgo,
                        Insight-Hxmt, MAXI Team, Fermi-LAT, J-GEM, RATIR, IceCube,
                        CAASTRO, LWA, ePESSTO, GRAWITA, RIMAS, SKA South
                        Africa/MeerKAT, H.E.S.S., 1M2H Team, IKI-GW Follow-up,
                        Fermi GBM, Pi of Sky, DWF (Deeper Wider Faster Program),
                        Dark Energy Survey, MASTER, AstroSat Cadmium Zinc
                        Telluride Imager Team, Swift, Pierre Auger, ASKAP,
                        VINROUGE, JAGWAR, Chandra Team at McGill University,
                        TTU-NRAO, GROWTH, AGILE Team, MWA, ATCA, AST3, TOROS,
                        Pan-STARRS, NuSTAR, ATLAS Telescopes, BOOTES, CaltechNRAO,
                        LIGO Scientific, High Time Resolution Universe Survey,
                        Nordic Optical Telescope, Las Cumbres Observatory Group,
                        TZAC Consortium, LOFAR, IPN, DLT40, Texas Tech University,
                        HAWC, ANTARES, KU, Dark Energy Camera GW-EM, CALET, Euro
                        VLBI Team, ALMA",
      journal        = "Astrophys. J.",
      volume         = "848",
      year           = "2017",
      number         = "2",
      pages          = "L12",
      doi            = "10.3847/2041-8213/aa91c9",
      eprint         = "1710.05833",
      archivePrefix  = "arXiv",
      primaryClass   = "astro-ph.HE",
      reportNumber   = "LIGO-P1700294, VIR-0802A-17, FERMILAB-PUB-17-478-A-AE-CD",
      SLACcitation   = "%%CITATION = ARXIV:1710.05833;%%"
}

@article{Arun:2014ysa,
      author         = "Arun, K. G. and Tagoshi, Hideyuki and Mishra, Chandra
                        Kant and Pai, Archana",
      title          = "{Synergy of short gamma ray burst and gravitational wave
                        observations: Constraining the inclination angle of the
                        binary and possible implications for off-axis gamma ray
                        bursts}",
      journal        = "Phys. Rev.",
      volume         = "D90",
      year           = "2014",
      number         = "2",
      pages          = "024060",
      doi            = "10.1103/PhysRevD.90.024060",
      eprint         = "1403.6917",
      archivePrefix  = "arXiv",
      primaryClass   = "astro-ph.HE",
      reportNumber   = "LIGO-P1400031, OUTAP-354",
      SLACcitation   = "%%CITATION = ARXIV:1403.6917;%%"
}

@article{Seto:2005xb,
      author         = "Seto, Naoki",
      title          = "{Prospects of ligo for constraining inclination of
                        merging compact binaries associated with
                        three-dimensionally localized short-hard grbs}",
      journal        = "Phys. Rev.",
      volume         = "D75",
      year           = "2007",
      pages          = "024016",
      doi            = "10.1103/PhysRevD.75.024016",
      eprint         = "astro-ph/0512212",
      archivePrefix  = "arXiv",
      primaryClass   = "astro-ph",
      SLACcitation   = "%%CITATION = ASTRO-PH/0512212;%%"
}

@article{Abbott:2017smn,
      author         = "Abbott, T. M. C. and others",
      title          = "{Dark Energy Survey Year 1 Results: A Precise H0
                        Measurement from DES Y1, BAO, and D/H Data}",
      collaboration  = "DES",
      year           = "2017",
      eprint         = "1711.00403",
      archivePrefix  = "arXiv",
      primaryClass   = "astro-ph.CO",
      reportNumber   = "FERMILAB-PUB-17-482-AE",
      SLACcitation   = "%%CITATION = ARXIV:1711.00403;%%"
}

@article{Fan:2014kka,
      author         = "Fan, XiLong and Messenger, Christopher and Heng, Ik
                        Siong",
      title          = "{A Bayesian approach to multi-messenger astronomy:
                        Identification of gravitational-wave host galaxies}",
      journal        = "Astrophys. J.",
      volume         = "795",
      year           = "2014",
      number         = "1",
      pages          = "43",
      doi            = "10.1088/0004-637X/795/1/43",
      eprint         = "1406.1544",
      archivePrefix  = "arXiv",
      primaryClass   = "astro-ph.HE",
      reportNumber   = "LIGO-P1400077",
      SLACcitation   = "%%CITATION = ARXIV:1406.1544;%%"
}