@article{Monitor:2017mdv,
    author = "Abbott, B.P. and others",
    collaboration = "LIGO Scientific, Virgo, Fermi-GBM, INTEGRAL",
    title = "{Gravitational Waves and Gamma-rays from a Binary Neutron Star Merger: GW170817 and GRB 170817A}",
    eprint = "1710.05834",
    archivePrefix = "arXiv",
    primaryClass = "astro-ph.HE",
    reportNumber = "LIGO-P1700308",
    doi = "10.3847/2041-8213/aa920c",
    journal = "Astrophys. J. Lett.",
    volume = "848",
    number = "2",
    pages = "L13",
    year = "2017"
}

@article{Messick:2016aqy,
    author = "Messick, Cody and others",
    title = "{Analysis Framework for the Prompt Discovery of Compact Binary Mergers in Gravitational-wave Data}",
    eprint = "1604.04324",
    archivePrefix = "arXiv",
    primaryClass = "astro-ph.IM",
    doi = "10.1103/PhysRevD.95.042001",
    journal = "Phys. Rev. D",
    volume = "95",
    number = "4",
    pages = "042001",
    year = "2017"
}

@article{Husa:2015iqa,
    author = {Husa, Sascha and Khan, Sebastian and Hannam, Mark and P\"urrer, Michael and Ohme, Frank and Jim\'enez Forteza, Xisco and Boh\'e, Alejandro},
    title = "{Frequency-domain gravitational waves from nonprecessing black-hole binaries. I. New numerical waveforms and anatomy of the signal}",
    eprint = "1508.07250",
    archivePrefix = "arXiv",
    primaryClass = "gr-qc",
    doi = "10.1103/PhysRevD.93.044006",
    journal = "Phys. Rev. D",
    volume = "93",
    number = "4",
    pages = "044006",
    year = "2016"
}

@article{Bohe:2016gbl,
    author = "Boh\'e, Alejandro and others",
    title = "{Improved effective-one-body model of spinning, nonprecessing binary black holes for the era of gravitational-wave astrophysics with advanced detectors}",
    eprint = "1611.03703",
    archivePrefix = "arXiv",
    primaryClass = "gr-qc",
    reportNumber = "LIGO-P1600315",
    doi = "10.1103/PhysRevD.95.044028",
    journal = "Phys. Rev. D",
    volume = "95",
    number = "4",
    pages = "044028",
    year = "2017"
}

@article{DalCanton:2020vpm,
    author = "Dal Canton, Tito and Nitz, Alexander H. and Gadre, Bhooshan and Davies, Gareth S. and Villa-Ortega, Veronica and Dent, Thomas and Harry, Ian and Xiao, Liting",
    title = "{Realtime search for compact binary mergers in Advanced LIGO and Virgo's third observing run using PyCBC Live}",
    eprint = "2008.07494",
    archivePrefix = "arXiv",
    primaryClass = "astro-ph.HE",
    month = "8",
    year = "2020"
}

@article{Khan:2015jqa,
    author = {Khan, Sebastian and Husa, Sascha and Hannam, Mark and Ohme, Frank and P\"urrer, Michael and Jim\'enez Forteza, Xisco and Boh\'e, Alejandro},
    title = "{Frequency-domain gravitational waves from nonprecessing black-hole binaries. II. A phenomenological model for the advanced detector era}",
    eprint = "1508.07253",
    archivePrefix = "arXiv",
    primaryClass = "gr-qc",
    doi = "10.1103/PhysRevD.93.044007",
    journal = "Phys. Rev. D",
    volume = "93",
    number = "4",
    pages = "044007",
    year = "2016"
}

@article{Blanchet:1995ez,
    author = "Blanchet, Luc and Damour, Thibault and Iyer, Bala R. and Will, Clifford M. and Wiseman, Alan G.",
    title = "{Gravitational radiation damping of compact binary systems to second postNewtonian order}",
    eprint = "gr-qc/9501027",
    archivePrefix = "arXiv",
    doi = "10.1103/PhysRevLett.74.3515",
    journal = "Phys. Rev. Lett.",
    volume = "74",
    pages = "3515--3518",
    year = "1995"
}

@article{10.2307/2280095,
 author = {Frank J. Massey},
 journal = {Journal of the American Statistical Association},
 number = {253},
 pages = {68--78},
 title = {The Kolmogorov-Smirnov Test for Goodness of Fit},
 volume = {46},
 year = {1951}
}

@article{DalCanton:2017ala,
    author = "Dal Canton, Tito and Harry, Ian W.",
    title = "{Designing a template bank to observe compact binary coalescences in Advanced LIGO's second observing run}",
    eprint = "1705.01845",
    archivePrefix = "arXiv",
    primaryClass = "gr-qc",
    reportNumber = "LIGO-P1700085",
    month = "5",
    year = "2017"
}

@article{LIGOScientific:2018mvr,
    author = "Abbott, B.P. and others",
    collaboration = "LIGO Scientific, Virgo",
    title = "{GWTC-1: A Gravitational-Wave Transient Catalog of Compact Binary Mergers Observed by LIGO and Virgo during the First and Second Observing Runs}",
    eprint = "1811.12907",
    archivePrefix = "arXiv",
    primaryClass = "astro-ph.HE",
    reportNumber = "LIGO-P1800307",
    doi = "10.1103/PhysRevX.9.031040",
    journal = "Phys. Rev. X",
    volume = "9",
    number = "3",
    pages = "031040",
    year = "2019"
}

@article{Lattimer:2019iye,
    author = "Lattimer, J.M.",
    title = "{Impact of GW170817 for the nuclear physics of the EOS and the r-process}",
    doi = "10.1016/j.aop.2019.167963",
    journal = "Annals Phys.",
    volume = "411",
    pages = "167963",
    year = "2019"
}

@article{Kapadia:2019uut,
    author = "Kapadia, Shasvath J. and others",
    title = "{A self-consistent method to estimate the rate of compact binary coalescences with a Poisson mixture model}",
    eprint = "1903.06881",
    archivePrefix = "arXiv",
    primaryClass = "astro-ph.HE",
    doi = "10.1088/1361-6382/ab5f2d",
    journal = "Class. Quant. Grav.",
    volume = "37",
    number = "4",
    pages = "045007",
    year = "2020"
}

@article{Dai:2018dca,
    author = "Dai, Liang and Venumadhav, Tejaswi and Zackay, Barak",
    title = "{Parameter Estimation for GW170817 using Relative Binning}",
    eprint = "1806.08793",
    archivePrefix = "arXiv",
    primaryClass = "gr-qc",
    month = "6",
    year = "2018"
}

@article{Farr:2015lna,
    author = "Farr, Ben and others",
    title = "{Parameter estimation on gravitational waves from neutron-star binaries with spinning components}",
    eprint = "1508.05336",
    archivePrefix = "arXiv",
    primaryClass = "astro-ph.HE",
    reportNumber = "LIGO-P1500117",
    doi = "10.3847/0004-637X/825/2/116",
    journal = "Astrophys. J.",
    volume = "825",
    number = "2",
    pages = "116",
    year = "2016"
}

@article{Chernoff:1993th,
    author = "Chernoff, David F. and Finn, Lee Samuel",
    title = "{Gravitational radiation, inspiraling binaries, and cosmology}",
    eprint = "gr-qc/9304020",
    archivePrefix = "arXiv",
    reportNumber = "NU-GR-4",
    doi = "10.1086/186898",
    journal = "Astrophys. J. Lett.",
    volume = "411",
    pages = "L5--L8",
    year = "1993"
}

@misc{emfollowdoc,
author = "Abbott, B. and others",
year = 2019,
title = "{LIGO}/{Virgo} Public Alerts User Guide",
url = "https://emfollow.docs.ligo.org/userguide/index.html"
}

@article{Nitz:2017svb,
    author = "Nitz, Alexander H. and Dent, Thomas and Dal Canton, Tito and Fairhurst, Stephen and Brown, Duncan A.",
    title = "{Detecting binary compact-object mergers with gravitational waves: Understanding and Improving the sensitivity of the PyCBC search}",
    eprint = "1705.01513",
    archivePrefix = "arXiv",
    primaryClass = "gr-qc",
    reportNumber = "LIGO-P1700088-V4",
    doi = "10.3847/1538-4357/aa8f50",
    journal = "Astrophys. J.",
    volume = "849",
    number = "2",
    pages = "118",
    year = "2017"
}

@article{Faye:2012we,
    author = "Faye, Guillaume and Marsat, Sylvain and Blanchet, Luc and Iyer, Bala R.",
    title = "{The third and a half post-Newtonian gravitational wave quadrupole mode for quasi-circular inspiralling compact binaries}",
    eprint = "1204.1043",
    archivePrefix = "arXiv",
    primaryClass = "gr-qc",
    doi = "10.1088/0264-9381/29/17/175004",
    journal = "Class. Quant. Grav.",
    volume = "29",
    pages = "175004",
    year = "2012"
}

@article{Droz:1999qx,
    author = "Droz, Serge and Knapp, Daniel J. and Poisson, Eric and Owen, Benjamin J.",
    title = "{Gravitational waves from inspiraling compact binaries: Validity of the stationary phase approximation to the Fourier transform}",
    eprint = "gr-qc/9901076",
    archivePrefix = "arXiv",
    doi = "10.1103/PhysRevD.59.124016",
    journal = "Phys. Rev. D",
    volume = "59",
    pages = "124016",
    year = "1999"
}

@article{Dhurandhar:1992mw,
    author = "Dhurandhar, S.V. and Sathyaprakash, B.S.",
    title = "{Choice of filters for the detection of gravitational waves from coalescing binaries. 2. Detection in colored noise}",
    reportNumber = "IC-92-345",
    doi = "10.1103/PhysRevD.49.1707",
    journal = "Phys. Rev. D",
    volume = "49",
    pages = "1707--1722",
    year = "1994"
}

@article{Foucart:2018rjc,
    author = "Foucart, Francois and Hinderer, Tanja and Nissanke, Samaya",
    title = "{Remnant baryon mass in neutron star-black hole mergers: Predictions for binary neutron star mimickers and rapidly spinning black holes}",
    eprint = "1807.00011",
    archivePrefix = "arXiv",
    primaryClass = "astro-ph.HE",
    doi = "10.1103/PhysRevD.98.081501",
    journal = "Phys. Rev. D",
    volume = "98",
    number = "8",
    pages = "081501",
    year = "2018"
}

@article{Nitz:2018rgo,
    author = "Nitz, Alexander H. and Dal Canton, Tito and Davis, Derek and Reyes, Steven",
    title = "{Rapid detection of gravitational waves from compact binary mergers with PyCBC Live}",
    eprint = "1805.11174",
    archivePrefix = "arXiv",
    primaryClass = "gr-qc",
    reportNumber = "LIGO-P1800139",
    doi = "10.1103/PhysRevD.98.024050",
    journal = "Phys. Rev. D",
    volume = "98",
    number = "2",
    pages = "024050",
    year = "2018"
}

@article{Abbott:2020khf,
    author = "Abbott, R. and others",
    collaboration = "LIGO Scientific, Virgo",
    title = "{GW190814: Gravitational Waves from the Coalescence of a 23 Solar Mass Black Hole with a 2.6 Solar Mass Compact Object}",
    eprint = "2006.12611",
    archivePrefix = "arXiv",
    primaryClass = "astro-ph.HE",
    reportNumber = "LIGO-P190814",
    doi = "10.3847/2041-8213/ab960f",
    journal = "Astrophys. J. Lett.",
    volume = "896",
    number = "2",
    pages = "L44",
    year = "2020"
}

@article{GBM:2017lvd,
      author         = "Abbott, B. P. and others",
      title          = "{Multi-messenger Observations of a Binary Neutron Star
                        Merger}",
      collaboration  = "Transient Robotic Observatory of the South, The 1M2H
                        Team, Virgo, Euro VLBI Team, The VINROUGE, IceCube,
                        GRAvitational Wave Inaf TeAm, CAASTRO s, Pi of the Sky,
                        MASTER, The Swift, The CALET, AstroSat Cadmium Zinc
                        Telluride Imager Team, The BOOTES, The Fermi Large Area
                        Telescope, IKI-GW Follow-up, The DLT40, HAWC, AGILE Team,
                        University The Chandra Team at McGill, ALMA, NuSTAR s,
                        LIGO Scientific, the DES, LOFAR, IPN, The Insight-Hxmt,
                        The MAXI Team, ANTARES, KU, The Dark Energy Camera GW-EM,
                        The Pierre Auger, H. E. S. S.",
      journal        = "Astrophys. J.",
      volume         = "848",
      year           = "2017",
      pages          = "L12",
      doi            = "10.3847/2041-8213/aa91c9",
      eprint         = "1710.05833",
      archivePrefix  = "arXiv",
      primaryClass   = "astro-ph.HE",
      reportNumber   = "LIGO-P1700294",
      SLACcitation   = "%%CITATION = ARXIV:1710.05833;%%"
}

@article{vanEerten:2018vgj,
    author = "Troja, E. and van Eerten, H. and Ryan, G. and Ricci, R. and Burgess, J.M. and Wieringa, M.H. and Piro, L. and Cenko, S.B. and Sakamoto, T.",
    title = "{A year in the life of GW 170817: the rise and fall of a structured jet from a binary neutron star merger}",
    eprint = "1808.06617",
    archivePrefix = "arXiv",
    primaryClass = "astro-ph.HE",
    doi = "10.1093/mnras/stz2248",
    journal = "Mon. Not. Roy. Astron. Soc.",
    volume = "489",
    number = "2",
    pages = "1919--1926",
    year = "2019"
}

@article{Radice:2017lry,
    author = "Radice, David and Perego, Albino and Zappa, Francesco and Bernuzzi, Sebastiano",
    title = "{GW170817: Joint Constraint on the Neutron Star Equation of State from Multimessenger Observations}",
    eprint = "1711.03647",
    archivePrefix = "arXiv",
    primaryClass = "astro-ph.HE",
    reportNumber = "LIGO-P1700421, VIR-0894A-17",
    doi = "10.3847/2041-8213/aaa402",
    journal = "Astrophys. J. Lett.",
    volume = "852",
    number = "2",
    pages = "L29",
    year = "2018"
}

@article{Margalit:2017dij,
    author = "Margalit, Ben and Metzger, Brian D.",
    title = "{Constraining the Maximum Mass of Neutron Stars From Multi-Messenger Observations of GW170817}",
    eprint = "1710.05938",
    archivePrefix = "arXiv",
    primaryClass = "astro-ph.HE",
    doi = "10.3847/2041-8213/aa991c",
    journal = "Astrophys. J. Lett.",
    volume = "850",
    number = "2",
    pages = "L19",
    year = "2017"
}

@article{TheVirgo:2014hva,
    author = "Acernese, F. and others",
    collaboration = "VIRGO",
    title = "{Advanced Virgo: a second-generation interferometric gravitational wave detector}",
    eprint = "1408.3978",
    archivePrefix = "arXiv",
    primaryClass = "gr-qc",
    doi = "10.1088/0264-9381/32/2/024001",
    journal = "Class. Quant. Grav.",
    volume = "32",
    number = "2",
    pages = "024001",
    year = "2015"
}

@article{TheLIGOScientific:2016agk,
    author = "Abbott, B.P. and others",
    collaboration = "LIGO Scientific, Virgo",
    title = "{GW150914: The Advanced LIGO Detectors in the Era of First Discoveries}",
    eprint = "1602.03838",
    archivePrefix = "arXiv",
    primaryClass = "gr-qc",
    reportNumber = "LIGO-P1500237",
    doi = "10.1103/PhysRevLett.116.131103",
    journal = "Phys. Rev. Lett.",
    volume = "116",
    number = "13",
    pages = "131103",
    year = "2016"
}


@article{Buikema:2020dlj,
    author = "Buikema, Aaron and others",
    collaboration = "aLIGO",
    title = "{Sensitivity and performance of the Advanced LIGO detectors in the third observing run}",
    eprint = "2008.01301",
    archivePrefix = "arXiv",
    primaryClass = "astro-ph.IM",
    doi = "10.1103/PhysRevD.102.062003",
    journal = "Phys. Rev. D",
    volume = "102",
    number = "6",
    pages = "062003",
    year = "2020"
}

@article{Zackay:2018qdy,
    author = "Zackay, Barak and Dai, Liang and Venumadhav, Tejaswi",
    title = "{Relative Binning and Fast Likelihood Evaluation for Gravitational Wave Parameter Estimation}",
    eprint = "1806.08792",
    archivePrefix = "arXiv",
    primaryClass = "astro-ph.IM",
    month = "6",
    year = "2018"
}

@article{Margalit:2019dpi,
    author = "Margalit, Ben and Metzger, Brian D.",
    title = "{The Multi-Messenger Matrix: the Future of Neutron Star Merger Constraints on the Nuclear Equation of State}",
    eprint = "1904.11995",
    archivePrefix = "arXiv",
    primaryClass = "astro-ph.HE",
    doi = "10.3847/2041-8213/ab2ae2",
    journal = "Astrophys. J. Lett.",
    volume = "880",
    number = "1",
    pages = "L15",
    year = "2019"
}

@article{Speagle_2020,
   title={dynesty: a dynamic nested sampling package for estimating Bayesian posteriors and evidences},
   volume={493},
   ISSN={1365-2966},
   url={http://dx.doi.org/10.1093/mnras/staa278},
   DOI={10.1093/mnras/staa278},
   number={3},
   journal={Monthly Notices of the Royal Astronomical Society},
   publisher={Oxford University Press (OUP)},
   author={Speagle, Joshua S},
   year={2020},
   month={Feb},
   pages={3132–3158}
}

@article{Metzger_2012,
   title={WHAT IS THE MOST PROMISING ELECTROMAGNETIC COUNTERPART OF A NEUTRON STAR BINARY MERGER?},
   volume={746},
   ISSN={1538-4357},
   url={http://dx.doi.org/10.1088/0004-637X/746/1/48},
   DOI={10.1088/0004-637x/746/1/48},
   number={1},
   journal={The Astrophysical Journal},
   publisher={IOP Publishing},
   author={Metzger, B. D. and Berger, E.},
   year={2012},
   month={Jan},
   pages={48}
}

@article{Rosswog_2013,
   title={The multimessenger picture of compact object encounters: binary mergers versus dynamical collisions},
   volume={430},
   ISSN={0035-8711},
   url={http://dx.doi.org/10.1093/mnras/sts708},
   DOI={10.1093/mnras/sts708},
   number={4},
   journal={Monthly Notices of the Royal Astronomical Society},
   publisher={Oxford University Press (OUP)},
   author={Rosswog, S. and Piran, T. and Nakar, E.},
   year={2013},
   month={Feb},
   pages={2585–2604}
}

@article{Baiotti_2017,
   title={Binary neutron star mergers: a review of Einstein’s richest laboratory},
   volume={80},
   ISSN={1361-6633},
   url={http://dx.doi.org/10.1088/1361-6633/aa67bb},
   DOI={10.1088/1361-6633/aa67bb},
   number={9},
   journal={Reports on Progress in Physics},
   publisher={IOP Publishing},
   author={Baiotti, Luca and Rezzolla, Luciano},
   year={2017},
   month={Jul},
   pages={096901}
}

@misc{lalsuite,
    author         = "{LIGO Scientific Collaboration}",
    title          = "{LIGO} {A}lgorithm {L}ibrary - {LALS}uite",
    howpublished   = "free software (GPL)",
    doi            = "10.7935/GT1W-FZ16",
    year           = "2018"
}

@article{Anderson_2001,
   title={Excess power statistic for detection of burst sources of gravitational radiation},
   volume={63},
   ISSN={1089-4918},
   url={http://dx.doi.org/10.1103/PhysRevD.63.042003},
   DOI={10.1103/physrevd.63.042003},
   number={4},
   journal={Physical Review D},
   publisher={American Physical Society (APS)},
   author={Anderson, Warren G. and Brady, Patrick R. and Creighton, Jolien D. E. and Flanagan, Eanna E.},
   year={2001},
   month={Jan}
}

@article{Blanchet_2014,
   title={Gravitational Radiation from Post-Newtonian Sources and Inspiralling Compact Binaries},
   volume={17},
   ISSN={1433-8351},
   url={http://dx.doi.org/10.12942/lrr-2014-2},
   DOI={10.12942/lrr-2014-2},
   number={1},
   journal={Living Reviews in Relativity},
   publisher={Springer Science and Business Media LLC},
   author={Blanchet, Luc},
   year={2014},
   month={Feb}
}

@misc{hilborn2018gw170814,
    title={GW170814: Gravitational wave polarization analysis},
    author={Robert C. Hilborn},
    year={2018},
    eprint={1802.01193},
    archivePrefix={arXiv},
    primaryClass={gr-qc}
}

@article{Biscoveanu_2019,
   title={The Reliability of the Low-latency Estimation of Binary Neutron Star Chirp Mass},
   volume={884},
   ISSN={2041-8213},
   url={http://dx.doi.org/10.3847/2041-8213/ab479e},
   DOI={10.3847/2041-8213/ab479e},
   number={2},
   journal={The Astrophysical Journal},
   publisher={American Astronomical Society},
   author={Biscoveanu, Sylvia and Vitale, Salvatore and Haster, Carl-Johan},
   year={2019},
   month={Oct},
   pages={L32}
}

@article{Fairhurst:2009tc,
    author = "Fairhurst, Stephen",
    title = "{Triangulation of gravitational wave sources with a network of detectors}",
    eprint = "0908.2356",
    archivePrefix = "arXiv",
    primaryClass = "gr-qc",
    doi = "10.1088/1367-2630/11/12/123006",
    journal = "New J. Phys.",
    volume = "11",
    pages = "123006",
    year = "2009",
    note = "[Erratum: New J.Phys. 13, 069602 (2011)]"
}

@article{Usman_2019,
   title={Constraining the Inclinations of Binary Mergers from Gravitational-wave Observations},
   volume={877},
   ISSN={1538-4357},
   url={http://dx.doi.org/10.3847/1538-4357/ab0b3e},
   DOI={10.3847/1538-4357/ab0b3e},
   number={2},
   journal={The Astrophysical Journal},
   publisher={American Astronomical Society},
   author={Usman, S. A. and Mills, J. C. and Fairhurst, S.},
   year={2019},
   month={May},
   pages={82}
}

@article{Singer_2016,
   title={Rapid Bayesian position reconstruction for gravitational-wave transients},
   volume={93},
   ISSN={2470-0029},
   url={http://dx.doi.org/10.1103/PhysRevD.93.024013},
   DOI={10.1103/physrevd.93.024013},
   number={2},
   journal={Physical Review D},
   publisher={American Physical Society (APS)},
   author={Singer, Leo P. and Price, Larry R.},
   year={2016},
   month={Jan}
}

@misc{canton2020realtime,
    title={Realtime search for compact binary mergers in Advanced LIGO and Virgo's third observing run using PyCBC Live},
    author={Tito Dal Canton and Alexander H. Nitz and Bhooshan Gadre and Gareth S. Davies and Verónica Villa-Ortega and Thomas Dent and Ian Harry and Liting Xiao},
    year={2020},
    eprint={2008.07494},
    archivePrefix={arXiv},
    primaryClass={astro-ph.HE}
}

@article{Allen_2012,
   title={FINDCHIRP: An algorithm for detection of gravitational waves from inspiraling compact binaries},
   volume={85},
   ISSN={1550-2368},
   url={http://dx.doi.org/10.1103/PhysRevD.85.122006},
   DOI={10.1103/physrevd.85.122006},
   number={12},
   journal={Physical Review D},
   publisher={American Physical Society (APS)},
   author={Allen, Bruce and Anderson, Warren G. and Brady, Patrick R. and Brown, Duncan A. and Creighton, Jolien D. E.},
   year={2012},
   month={Jun}
}

@article{Capano:2019eae,
    author = "Capano, Collin D. and Tews, Ingo and Brown, Stephanie M. and Margalit, Ben and De, Soumi and Kumar, Sumit and Brown, Duncan A. and Krishnan, Badri and Reddy, Sanjay",
    title = "{Stringent constraints on neutron-star radii from multimessenger observations and nuclear theory}",
    eprint = "1908.10352",
    archivePrefix = "arXiv",
    primaryClass = "astro-ph.HE",
    reportNumber = "INT-PUB-19-037, LA-UR-19-28442",
    doi = "10.1038/s41550-020-1014-6",
    journal = "Nature Astron.",
    volume = "4",
    number = "6",
    pages = "625--632",
    year = "2020"
}

@article{Hannam_2013,
   title={WHEN CAN GRAVITATIONAL-WAVE OBSERVATIONS DISTINGUISH BETWEEN BLACK HOLES AND NEUTRON STARS?},
   volume={766},
   ISSN={2041-8213},
   url={http://dx.doi.org/10.1088/2041-8205/766/1/L14},
   DOI={10.1088/2041-8205/766/1/l14},
   number={1},
   journal={The Astrophysical Journal},
   publisher={IOP Publishing},
   author={Hannam, Mark and Brown, Duncan A. and Fairhurst, Stephen and Fryer, Chris L. and Harry, Ian W.},
   year={2013},
   month={Mar},
   pages={L14}
}

@misc{cornish2013fast,
      title={Fast Fisher Matrices and Lazy Likelihoods}, 
      author={Neil J. Cornish},
      year={2013},
      eprint={1007.4820},
      archivePrefix={arXiv},
      primaryClass={gr-qc}
}

@article{Berry_2016,
   title={Early Advanced LIGO binary neutron-star sky localization and parameter estimation},
   volume={716},
   ISSN={1742-6596},
   url={http://dx.doi.org/10.1088/1742-6596/716/1/012031},
   DOI={10.1088/1742-6596/716/1/012031},
   journal={Journal of Physics: Conference Series},
   publisher={IOP Publishing},
   author={Berry, C P L and Farr, B and Farr, W M and Haster, C-J and Mandel, I and Middleton, H and Singer, L P and Urban, A L and Vecchio, A and Vitale, S and et al.},
   year={2016},
   month={May},
   pages={012031}
}