@STRING{classical-and-quantum-gravity="Class.~Quantum~Grav." }
@STRING{physical-review="Phys.~Rev." }
@STRING{physical-review-d="Phys.~Rev.~D" }
@STRING{living-reviews="Living~Rev.~Rel." }
@STRING{physical-review-letters="Phys.~Rev.~Lett." }
@STRING{astrophysical-journal="Astrophys.~J." }
@STRING{astrophysical-journal-letters="Astrophys.~J.~Lett." }
@STRING{monthly-notices-of-the-ras="Mon. Not. R. Astron Soc." }

@article{Nitz:2020bdb,
    author = "Nitz, Alexander Harvey and Wang, Yi-Fan",
    title = "{Search for Gravitational Waves from High-Mass-Ratio Compact-Binary Mergers of Stellar Mass and Subsolar Mass Black Holes}",
    eprint = "2007.03583",
    archivePrefix = "arXiv",
    primaryClass = "astro-ph.HE",
    doi = "10.1103/PhysRevLett.126.021103",
    journal = "Phys. Rev. Lett.",
    volume = "126",
    number = "2",
    pages = "021103",
    year = "2021"
}


@article{Nitz:2021mzz,
    author = "Nitz, Alexander H. and Wang, Yi-Fan",
    title = "{Search for gravitational waves from the coalescence of sub-solar mass and eccentric compact binaries}",
    eprint = "2102.00868",
    archivePrefix = "arXiv",
    primaryClass = "astro-ph.HE",
    month = "2",
    year = "2021",
    journal = "ArXiv e-print"
}

@article{Davies:2020tsx,
    author = "Davies, Gareth S. and Dent, Thomas and T\'apai, M\'arton and Harry, Ian and McIsaac, Connor and Nitz, Alexander H.",
    title = "{Extending the PyCBC search for gravitational waves from compact binary mergers to a global network}",
    eprint = "2002.08291",
    archivePrefix = "arXiv",
    primaryClass = "astro-ph.HE",
    doi = "10.1103/PhysRevD.102.022004",
    journal = "Phys. Rev. D",
    volume = "102",
    number = "2",
    pages = "022004",
    year = "2020"
}

@article{DalCanton:2020vpm,
    author = "Dal Canton, Tito and Nitz, Alexander H. and Gadre, Bhooshan and Davies, Gareth S. and Villa-Ortega, Veronica and Dent, Thomas and Harry, Ian and Xiao, Liting",
    title = "{Realtime search for compact binary mergers in Advanced LIGO and Virgo's third observing run using PyCBC Live}",
    eprint = "2008.07494",
    archivePrefix = "arXiv",
    primaryClass = "astro-ph.HE",
    month = "8",
    year = "2020",
    journal = "ArXiv e-print"
    
}

@article{Nitz:2018rgo,
      author         = "Nitz, Alexander H. and Dal Canton, Tito and Davis, Derek
                        and Reyes, Steven",
      title          = "{Rapid detection of gravitational waves from compact
                        binary mergers with PyCBC Live}",
      journal        = "Phys. Rev.",
      volume         = "D98",
      year           = "2018",
      number         = "2",
      pages          = "024050",
      doi            = "10.1103/PhysRevD.98.024050",
      eprint         = "1805.11174",
      archivePrefix  = "arXiv",
      primaryClass   = "gr-qc",
      reportNumber   = "LIGO-P1800139",
      SLACcitation   = "%%CITATION = ARXIV:1805.11174;%%"
}

@article{Ashton:2017ykh,
      author         = "Ashton, G. and Burns, E. and Canton, T. Dal and Dent, T.
                        and Eggenstein, H. -B and Nielsen, A. B. and Prix, R. and
                        Was, M. and Zhu, S. J.",
      title          = "{Coincident detection significance in multimessenger
                        astronomy}",
      journal        = "Astrophys. J.",
      volume         = "860",
      year           = "2018",
      number         = "1",
      pages          = "6",
      doi            = "10.3847/1538-4357/aabfd2",
      eprint         = "1712.05392",
      archivePrefix  = "arXiv",
      primaryClass   = "astro-ph.HE",
      SLACcitation   = "%%CITATION = ARXIV:1712.05392;%%"
}

@misc{bns-ecc-pe-release,
  author = {Lenon, A. K. and Nitz, A. H and Brown, D. A.},
  title = {{Data Release: Measuring the Eccentricity of GW170817 and GW190425}},
  year = {2020},
  publisher = {GitHub},
  journal = {GitHub repository},
  howpublished = {\url{https://github.com/gwastro/bns-eccentric-pe}}
}


@article{Siegel:2019mlp,
      author         = "Siegel, Daniel M.",
      title          = "{GW170817--the first observed neutron star merger and its
                        kilonova: implications for the astrophysical site of the
                        r-process}",
      journal        = "Eur. Phys. J.",
      volume         = "A55",
      year           = "2019",
      number         = "11",
      pages          = "203",
      doi            = "10.1140/epja/i2019-12888-9",
      eprint         = "1901.09044",
      archivePrefix  = "arXiv",
      primaryClass   = "astro-ph.HE",
      SLACcitation   = "%%CITATION = ARXIV:1901.09044;%%"
}

@article{Fragione:2018yrb,
      author         = "Fragione, Giacomo and Grishin, Evgeni and Leigh, Nathan
                        W. C. and Perets, Hagai.B. and Perna, Rosalba",
      title          = "{Black hole and neutron star mergers in galactic nuclei}",
      journal        = "Mon. Not. Roy. Astron. Soc.",
      volume         = "488",
      year           = "2019",
      number         = "1",
      pages          = "47-63",
      doi            = "10.1093/mnras/stz1651",
      eprint         = "1811.10627",
      archivePrefix  = "arXiv",
      primaryClass   = "astro-ph.GA",
      SLACcitation   = "%%CITATION = ARXIV:1811.10627;%%"
}

@article{Savchenko:2017ffs,
      author         = "Savchenko, V. and others",
      title          = "{INTEGRAL Detection of the First Prompt Gamma-Ray Signal
                        Coincident with the Gravitational-wave Event GW170817}",
      journal        = "Astrophys. J.",
      volume         = "848",
      year           = "2017",
      number         = "2",
      pages          = "L15",
      doi            = "10.3847/2041-8213/aa8f94",
      eprint         = "1710.05449",
      archivePrefix  = "arXiv",
      primaryClass   = "astro-ph.HE",
      SLACcitation   = "%%CITATION = ARXIV:1710.05449;%%"
}

@article{Goldstein:2017mmi,
      author         = "Goldstein, A. and others",
      title          = "{An Ordinary Short Gamma-Ray Burst with Extraordinary
                        Implications: Fermi-GBM Detection of GRB 170817A}",
      journal        = "Astrophys. J.",
      volume         = "848",
      year           = "2017",
      number         = "2",
      pages          = "L14",
      doi            = "10.3847/2041-8213/aa8f41",
      eprint         = "1710.05446",
      archivePrefix  = "arXiv",
      primaryClass   = "astro-ph.HE",
      SLACcitation   = "%%CITATION = ARXIV:1710.05446;%%"
}

@article{Samsing:2017xmd,
    author = "Samsing, Johan",
    archivePrefix = "arXiv",
    doi = "10.1103/PhysRevD.97.103014",
    eprint = "1711.07452",
    journal = "Phys.\ Rev.\ D",
    number = "10",
    pages = "103014",
    primaryClass = "astro-ph.HE",
    title = "{Eccentric Black Hole Mergers Forming in Globular Clusters}",
    volume = "97",
    year = "2018"
}

@article{Rodriguez:2017pec,
      author         = "Rodriguez, Carl L. and Amaro-Seoane, Pau and Chatterjee,
                        Sourav and Rasio, Frederic A.",
      title          = "{Post-Newtonian Dynamics in Dense Star Clusters:
                        Highly-Eccentric, Highly-Spinning, and Repeated Binary
                        Black Hole Mergers}",
      journal        = "Phys. Rev. Lett.",
      volume         = "120",
      year           = "2018",
      number         = "15",
      pages          = "151101",
      doi            = "10.1103/PhysRevLett.120.151101",
      eprint         = "1712.04937",
      archivePrefix  = "arXiv",
      primaryClass   = "astro-ph.HE",
      SLACcitation   = "%%CITATION = ARXIV:1712.04937;%%"
}

@article{Zevin:2018kzq,
    author = "Zevin, Michael and Samsing, Johan and Rodriguez, Carl and Haster, Carl-Johan and Ramirez-Ruiz, Enrico",
    archivePrefix = "arXiv",
    doi = "10.3847/1538-4357/aaf6ec",
    eprint = "1810.00901",
    journal = "Astrophys.\ J.",
    number = "1",
    pages = "91",
    primaryClass = "astro-ph.HE",
    reportNumber = "LIGO-P1800275",
    title = "{Eccentric Black Hole Mergers in Dense Star Clusters: The Role of Binary--Binary Encounters}",
    volume = "871",
    year = "2019"
}

@article{Wen:2002km,
    author = "Wen, Linqing",
    archivePrefix = "arXiv",
    doi = "10.1086/378794",
    eprint = "astro-ph/0211492",
    journal = "Astrophys.\ J.",
    pages = "419--430",
    title = "{On the eccentricity distribution of coalescing black hole binaries driven by the Kozai mechanism in globular clusters}",
    volume = "598",
    year = "2003"
}

@article{Oslowski:2009zr,
    author = "Oslowski, S. and Bulik, T. and Gondek-Rosinska, D. and Belczynski, K.",
    archivePrefix = "arXiv",
    doi = "10.1111/j.1365-2966.2010.18147.x",
    eprint = "0903.3538",
    journal = "Mon.\ Not.\ Roy.\ Astron.\ Soc.",
    pages = "461",
    primaryClass = "astro-ph.GA",
    title = "{Population synthesis of double neutron stars}",
    volume = "413",
    year = "2011"
}

@article{Peters:1963ux,
    author = "Peters, P.C. and Mathews, J.",
    doi = "10.1103/PhysRev.131.435",
    journal = "Phys.\ Rev.",
    pages = "435--439",
    title = "{Gravitational radiation from point masses in a Keplerian orbit}",
    volume = "131",
    year = "1963"
}

@article{Kalogera:2001dz,
    author = "Kalogera, Vassiliki and Narayan, R. and Spergel, D.N. and Taylor, J.H.",
    archivePrefix = "arXiv",
    doi = "10.1086/321583",
    eprint = "astro-ph/0012038",
    journal = "Astrophys.\ J.",
    pages = "340--356",
    title = "{The Coalescence rate of double neutron star systems}",
    volume = "556",
    year = "2001"
}

@article{Fragione:2019dtr,
    author = "Fragione, Giacomo and Bromberg, Omer",
    archivePrefix = "arXiv",
    doi = "10.1093/mnras/stz2024",
    eprint = "1903.09659",
    journal = "Mon. Not. Roy. Astron. Soc.",
    number = "3",
    pages = "4370--4377",
    primaryClass = "astro-ph.GA",
    title = "{Eccentric binary black hole mergers in globular clusters hosting intermediate-mass black holes}",
    volume = "488",
    year = "2019"
}

@article{Campanelli:2006fg,
    author = "Campanelli, Manuela and Lousto, C.O. and Zlochower, Yosef",
    archivePrefix = "arXiv",
    doi = "10.1103/PhysRevD.74.084023",
    eprint = "astro-ph/0608275",
    journal = "Phys. Rev. D",
    pages = "084023",
    title = "{Spin-orbit interactions in black-hole binaries}",
    volume = "74",
    year = "2006"
}

@article{Stevenson:2017dlk,
    author = "Stevenson, Simon and Berry, Christopher P.L. and Mandel, Ilya",
    archivePrefix = "arXiv",
    doi = "10.1093/mnras/stx1764",
    eprint = "1703.06873",
    journal = "Mon. Not. Roy. Astron. Soc.",
    number = "3",
    pages = "2801--2811",
    primaryClass = "astro-ph.HE",
    title = "{Hierarchical analysis of gravitational-wave measurements of binary black hole spin--orbit misalignments}",
    volume = "471",
    year = "2017"
}

@article{Rodriguez:2016vmx,
    author = "Rodriguez, Carl L. and Zevin, Michael and Pankow, Chris and Kalogera, Vasilliki and Rasio, Frederic A.",
    archivePrefix = "arXiv",
    doi = "10.3847/2041-8205/832/1/L2",
    eprint = "1609.05916",
    journal = "Astrophys. J.",
    number = "1",
    pages = "L2",
    primaryClass = "astro-ph.HE",
    title = "{Illuminating Black Hole Binary Formation Channels with Spins in Advanced LIGO}",
    volume = "832",
    year = "2016"
}

@article{Thrane:2018qnx,
    author = "Thrane, Eric and Talbot, Colm",
    archivePrefix = "arXiv",
    doi = "10.1017/pasa.2019.2",
    eprint = "1809.02293",
    journal = "Publ. Astron. Soc. Austral.",
    pages = "e010",
    primaryClass = "astro-ph.IM",
    title = "{An introduction to Bayesian inference in gravitational-wave astronomy: parameter estimation, model selection, and hierarchical models}",
    volume = "36",
    year = "2019"
}

@article{Belczynski:2001uc,
    author = "Belczynski, Krzysztof and Kalogera, Vassiliki and Bulik, Tomasz",
    archivePrefix = "arXiv",
    doi = "10.1086/340304",
    eprint = "astro-ph/0111452",
    journal = "Astrophys. J.",
    pages = "407--431",
    title = "{A Comprehensive study of binary compact objects as gravitational wave sources: Evolutionary channels, rates, and physical properties}",
    volume = "572",
    year = "2001"
}

@article{Dewi:2002rx,
    author = "Dewi, J.D.M. and Pols, O.R. and Savonije, G.J. and van den Heuvel, E.P.J.",
    archivePrefix = "arXiv",
    doi = "10.1046/j.1365-8711.2002.05257.x",
    eprint = "astro-ph/0201239",
    journal = "Mon. Not. Roy. Astron. Soc.",
    pages = "1027",
    title = "{The evolution of naked helium stars with a neutron-star companion in close binary systems}",
    volume = "331",
    year = "2002"
}

@article{Ivanova:2002jw,
    author = "Ivanova, Natalia and Belczynski, K. and Kalogera, Vassiliki and Rasio, F.A. and Taam, R.E.",
    archivePrefix = "arXiv",
    doi = "10.1086/375578",
    eprint = "astro-ph/0210267",
    journal = "Astrophys. J.",
    pages = "475--485",
    title = "{The Role of helium stars in the formation of double neutron stars}",
    volume = "592",
    year = "2003"
}

@article{Palmese:2017yhz,
    author = "Palmese, A. and others",
    title = "{Evidence for Dynamically Driven Formation of the GW170817 Neutron Star Binary in NGC 4993}",
    eprint = "1710.06748",
    archivePrefix = "arXiv",
    primaryClass = "astro-ph.HE",
    reportNumber = "FERMILAB-PUB-17-466-AE-CD-PPD",
    doi = "10.3847/2041-8213/aa9660",
    journal = "Astrophys. J. Lett.",
    volume = "849",
    number = "2",
    pages = "L34",
    year = "2017"
}

@article{Wu:2020zwr,
    author = "Wu, Shichao and Cao, Zhoujian and Zhu, Zong-Hong",
    title = "{Measuring eccentricity of binary black holes in GWTC-1 by using inspiral-only waveform}",
    eprint = "2002.05528",
    archivePrefix = "arXiv",
    primaryClass = "astro-ph.IM",
    doi = "10.1093/mnras/staa1176",
    journal = "Mon. Not. Roy. Astron. Soc.",
    volume = "495",
    number = "1",
    pages = "466--478",
    year = "2020"
}

@article{Amaro-Seoane:2015umi,
    author = "Amaro-Seoane, Pau and Chen, Xian",
    title = "{Relativistic mergers of black hole binaries have large, similar masses, low spins and are circular}",
    eprint = "1512.04897",
    archivePrefix = "arXiv",
    primaryClass = "astro-ph.CO",
    doi = "10.1093/mnras/stw503",
    journal = "Mon. Not. Roy. Astron. Soc.",
    volume = "458",
    number = "3",
    pages = "3075--3082",
    year = "2016"
}

@article{Payne:2019wmy,
    author = "Payne, Ethan and Talbot, Colm and Thrane, Eric",
    title = "{Higher order gravitational-wave modes with likelihood reweighting}",
    eprint = "1905.05477",
    archivePrefix = "arXiv",
    primaryClass = "astro-ph.IM",
    doi = "10.1103/PhysRevD.100.123017",
    journal = "Phys. Rev. D",
    volume = "100",
    number = "12",
    pages = "123017",
    year = "2019"
}

@article{Raithel:2018ncd,
    author = "Raithel, Carolyn and Özel, Feryal and Psaltis, Dimitrios",
    title = "{Tidal deformability from GW170817 as a direct probe of the neutron star radius}",
    eprint = "1803.07687",
    archivePrefix = "arXiv",
    primaryClass = "astro-ph.HE",
    doi = "10.3847/2041-8213/aabcbf",
    journal = "Astrophys. J. Lett.",
    volume = "857",
    number = "2",
    pages = "L23",
    year = "2018"
}

@article{Beniamini:2015uta,
    author = "Beniamini, Paz and Piran, Tsvi",
    title = "{Formation of Double Neutron Star systems as implied by observations}",
    eprint = "1510.03111",
    archivePrefix = "arXiv",
    primaryClass = "astro-ph.HE",
    doi = "10.1093/mnras/stv2903",
    journal = "Mon. Not. Roy. Astron. Soc.",
    volume = "456",
    number = "4",
    pages = "4089--4099",
    year = "2016"
}

@article{Lenon:2020oza,
    author = "Lenon, Amber K. and Nitz, Alexander H. and Brown, Duncan A.",
    title = "{Measuring the eccentricity of GW170817 and GW190425}",
    eprint = "2005.14146",
    archivePrefix = "arXiv",
    primaryClass = "astro-ph.HE",
    doi = "10.1093/mnras/staa2120",
    journal = "Mon. Not. Roy. Astron. Soc.",
    volume = "497",
    number = "2",
    pages = "1966--1971",
    year = "2020"
}

@article{Apostolatos:1995pj,
    author = "Apostolatos, T. A.",
    title = "{Search templates for gravitational waves from precessing, inspiraling binaries}",
    doi = "10.1103/PhysRevD.52.605",
    journal = "Phys. Rev. D",
    volume = "52",
    pages = "605--620",
    year = "1995"
}

@article{Chen:2017wpg,
    author = "Chen, Hsin-Yu and Holz, Daniel E. and Miller, John and Evans, Matthew and Vitale, Salvatore and Creighton, Jolien",
    title = "{Distance measures in gravitational-wave astrophysics and cosmology}",
    eprint = "1709.08079",
    archivePrefix = "arXiv",
    primaryClass = "astro-ph.CO",
    doi = "10.1088/1361-6382/abd594",
    journal = "Class. Quant. Grav.",
    volume = "38",
    number = "5",
    pages = "055010",
    year = "2021"
}

%BBH observations
@article{Abbott:2016blz,
    author = "Abbott, B.P. and others",
    collaboration = "LIGO Scientific, Virgo",
    title = "{Observation of Gravitational Waves from a Binary Black Hole Merger}",
    eprint = "1602.03837",
    archivePrefix = "arXiv",
    primaryClass = "gr-qc",
    reportNumber = "LIGO-P150914",
    doi = "10.1103/PhysRevLett.116.061102",
    journal = "Phys. Rev. Lett.",
    volume = "116",
    number = "6",
    pages = "061102",
    year = "2016"
}

@article{Abbott:2016nmj,
    author = "Abbott, B. P. and others",
    collaboration = "LIGO Scientific, Virgo",
    title = "{GW151226: Observation of Gravitational Waves from a 22-Solar-Mass Binary Black Hole Coalescence}",
    eprint = "1606.04855",
    archivePrefix = "arXiv",
    primaryClass = "gr-qc",
    reportNumber = "LIGO-P151226",
    doi = "10.1103/PhysRevLett.116.241103",
    journal = "Phys. Rev. Lett.",
    volume = "116",
    number = "24",
    pages = "241103",
    year = "2016"
}

@article{Abbott:2017vtc,
    author = "Abbott, Benjamin P. and others",
    collaboration = "LIGO Scientific, VIRGO",
    title = "{GW170104: Observation of a 50-Solar-Mass Binary Black Hole Coalescence at Redshift 0.2}",
    eprint = "1706.01812",
    archivePrefix = "arXiv",
    primaryClass = "gr-qc",
    reportNumber = "LIGO-P170104",
    doi = "10.1103/PhysRevLett.118.221101",
    journal = "Phys. Rev. Lett.",
    volume = "118",
    number = "22",
    pages = "221101",
    year = "2017",
    note = "[Erratum: Phys.Rev.Lett. 121, 129901 (2018)]"
}

@article{Abbott:2017gyy,
    author = "Abbott, B.. P.. and others",
    collaboration = "LIGO Scientific, Virgo",
    title = "{GW170608: Observation of a 19-solar-mass Binary Black Hole Coalescence}",
    eprint = "1711.05578",
    archivePrefix = "arXiv",
    primaryClass = "astro-ph.HE",
    reportNumber = "LIGO-DOCUMENT-P170608-V8",
    doi = "10.3847/2041-8213/aa9f0c",
    journal = "Astrophys. J.",
    volume = "851",
    number = "2",
    pages = "L35",
    year = "2017"
}

@article{Abbott:2017oio,
    author = "Abbott, B.P. and others",
    collaboration = "LIGO Scientific, Virgo",
    title = "{GW170814: A Three-Detector Observation of Gravitational Waves from a Binary Black Hole Coalescence}",
    eprint = "1709.09660",
    archivePrefix = "arXiv",
    primaryClass = "gr-qc",
    doi = "10.1103/PhysRevLett.119.141101",
    journal = "Phys. Rev. Lett.",
    volume = "119",
    number = "14",
    pages = "141101",
    year = "2017"
}

@article{LIGOScientific:2020stg,
    author = "Abbott, R. and others",
    collaboration = "LIGO Scientific, Virgo",
    title = "{GW190412: Observation of a Binary-Black-Hole Coalescence with Asymmetric Masses}",
    eprint = "2004.08342",
    archivePrefix = "arXiv",
    primaryClass = "astro-ph.HE",
    reportNumber = "LIGO-P190412",
    month = "4",
    year = "2020",
    journal = "ArXiv e-print"
}

%GSTLAL
@article{Cannon:2020qnf,
    author = "Cannon, Kipp and others",
    title = "{GstLAL: A software framework for gravitational wave discovery}",
    eprint = "2010.05082",
    archivePrefix = "arXiv",
    primaryClass = "astro-ph.IM",
    month = "10",
    year = "2020",
    journal = "ArXiv e-print"
}

@article{Sachdev:2019vvd,
    author = "Sachdev, Surabhi and others",
    title = "{The GstLAL Search Analysis Methods for Compact Binary Mergers in Advanced LIGO's Second and Advanced Virgo's First Observing Runs}",
    eprint = "1901.08580",
    archivePrefix = "arXiv",
    primaryClass = "gr-qc",
    month = "1",
    year = "2019",
    journal = "ArXiv e-print"
}


%CE
@article{Reitze:2019dyk,
    author = "Reitze, David and others",
    title = "{The US Program in Ground-Based Gravitational Wave Science: Contribution from the LIGO Laboratory}",
    eprint = "1903.04615",
    archivePrefix = "arXiv",
    primaryClass = "astro-ph.IM",
    journal = "Bull. Am. Astron. Soc.",
    volume = "51",
    pages = "141",
    month = "3",
    year = "2019"
}

@article{Hall:2020dps,
    author = "Hall, Evan D. and others",
    title = "{Gravitational-wave physics with Cosmic Explorer: limits to low-frequency sensitivity}",
    eprint = "2012.03608",
    archivePrefix = "arXiv",
    primaryClass = "gr-qc",
    reportNumber = "CE-P2000005 and LIGO-P2000405",
    month = "12",
    year = "2020",
    journal = "ArXiv e-print"
}

@misc{CE:NoiseCurves,
  author       = {Kuns, Kevin and Hall, Evan and Smith, Joshua and Evans,  Matthew and Fritschel, Peter and Wipf, Christopher and Ballmer, Stefan  },
  title        = {Cosmic Explorer Sensitivity Curves},
  year         = 2020,
  url          = {https://dcc.cosmicexplorer.org/CE-T2000017/public}
}

%Einstein Telescope
@article{Maggiore:2019uih,
    author = "Maggiore, Michele and others",
    title = "{Science Case for the Einstein Telescope}",
    eprint = "1912.02622",
    archivePrefix = "arXiv",
    primaryClass = "astro-ph.CO",
    doi = "10.1088/1475-7516/2020/03/050",
    journal = "JCAP",
    volume = "03",
    pages = "050",
    year = "2020"
}

@article{Manca:2009xw,
    author = "Manca, Gian Mario and Vallisneri, Michele",
    title = "{Cover art: Issues in the metric-guided and metric-less placement of random and stochastic template banks}",
    eprint = "0909.0563",
    archivePrefix = "arXiv",
    primaryClass = "gr-qc",
    doi = "10.1103/PhysRevD.81.024004",
    journal = "Phys. Rev. D",
    volume = "81",
    pages = "024004",
    year = "2010"
}
