@STRING{classical-and-quantum-gravity="Class.~Quantum~Grav." }
@STRING{physical-review="Phys.~Rev." }
@STRING{physical-review-d="Phys.~Rev.~D" }
@STRING{living-reviews="Living~Rev.~Rel." }
@STRING{physical-review-letters="Phys.~Rev.~Lett." }
@STRING{astrophysical-journal="Astrophys.~J." }
@STRING{astrophysical-journal-letters="Astrophys.~J.~Lett." }
@STRING{monthly-notices-of-the-ras="Mon. Not. R. Astron Soc." }

@article{Belczynski:2018ptv,
    author = "Belczynski, K. and others",
    title = "{Binary neutron star formation and the origin of GW170817}",
    eprint = "1812.10065",
    archivePrefix = "arXiv",
    primaryClass = "astro-ph.HE",
    month = "12",
    year = "2018",
    journal = "ArXiv e-print"
}

@article{Andrews:2019vou,
      author         = "Andrews, Jeff J. and Mandel, Ilya",
      title          = "{Double Neutron Star Populations and Formation Channels}",
      journal        = "Astrophys. J.",
      volume         = "880",
      year           = "2019",
      number         = "1",
      pages          = "L8",
      doi            = "10.3847/2041-8213/ab2ed1",
      eprint         = "1904.12745",
      archivePrefix  = "arXiv",
      primaryClass   = "astro-ph.HE",
      SLACcitation   = "%%CITATION = ARXIV:1904.12745;%%"
}

@article{Zhu:2017znf,
      author         = "Zhu, Xingjiang and Thrane, Eric and Oslowski, Stefan and
                        Levin, Yuri and Lasky, Paul D.",
      title          = "{Inferring the population properties of binary neutron
                        stars with gravitational-wave measurements of spin}",
      journal        = "Phys. Rev.",
      volume         = "D98",
      year           = "2018",
      pages          = "043002",
      doi            = "10.1103/PhysRevD.98.043002",
      eprint         = "1711.09226",
      archivePrefix  = "arXiv",
      primaryClass   = "astro-ph.HE",
      reportNumber   = "LIGO-P1700400",
      SLACcitation   = "%%CITATION = ARXIV:1711.09226;%%"
}

@article{Nitz:2018rgo,
      author         = "Nitz, Alexander H. and Dal Canton, Tito and Davis, Derek
                        and Reyes, Steven",
      title          = "{Rapid detection of gravitational waves from compact
                        binary mergers with PyCBC Live}",
      journal        = "Phys. Rev.",
      volume         = "D98",
      year           = "2018",
      number         = "2",
      pages          = "024050",
      doi            = "10.1103/PhysRevD.98.024050",
      eprint         = "1805.11174",
      archivePrefix  = "arXiv",
      primaryClass   = "gr-qc",
      reportNumber   = "LIGO-P1800139",
      SLACcitation   = "%%CITATION = ARXIV:1805.11174;%%"
}

@article{Ashton:2017ykh,
      author         = "Ashton, G. and Burns, E. and Canton, T. Dal and Dent, T.
                        and Eggenstein, H. -B and Nielsen, A. B. and Prix, R. and
                        Was, M. and Zhu, S. J.",
      title          = "{Coincident detection significance in multimessenger
                        astronomy}",
      journal        = "Astrophys. J.",
      volume         = "860",
      year           = "2018",
      number         = "1",
      pages          = "6",
      doi            = "10.3847/1538-4357/aabfd2",
      eprint         = "1712.05392",
      archivePrefix  = "arXiv",
      primaryClass   = "astro-ph.HE",
      SLACcitation   = "%%CITATION = ARXIV:1712.05392;%%"
}

@misc{bns-ecc-pe-release,
  author = {Lenon, A. K. and Nitz, A. H and Brown, D. A.},
  title = {{Data Release: Measuring the Eccentricity of GW170817 and GW190425}},
  year = {2020},
  publisher = {GitHub},
  journal = {GitHub repository},
  howpublished = {\url{https://github.com/gwastro/bns-eccentric-pe}}
}

@article{Abbott:2020uma,
    author = "Abbott, B. P. and others",
    collaboration = "LIGO Scientific, Virgo",
    title = "{GW190425: Observation of a Compact Binary Coalescence with Total Mass $\sim 3.4 M_{\odot}$}",
    eprint = "2001.01761",
    archivePrefix = "arXiv",
    primaryClass = "astro-ph.HE",
    reportNumber = "LIGO-P190425",
    doi = "10.3847/2041-8213/ab75f5",
    journal = "Astrophys. J. Lett.",
    volume = "892",
    number = "1",
    pages = "L3",
    year = "2020"
}

@misc{Blackburn:170817,
	Author = "Blackburn, K. and Weinstein, A. and Kanner, J. and Chassande-Mottin, E.",
	Title = {LOSC CLN Data Products for GW170817},
	Year = 2017,
    doi = {10.7935/K5B8566F},
    url = {https://dcc.ligo.org/LIGO-P1700349/public}	
}	

@article{Driggers:2018gii,
      author         = "Driggers, J. C. and others",
      title          = "{Improving astrophysical parameter estimation via offline
                        noise subtraction for Advanced LIGO}",
      collaboration  = "LIGO Scientific",
      journal        = "Phys. Rev.",
      volume         = "D99",
      year           = "2019",
      number         = "4",
      pages          = "042001",
      doi            = "10.1103/PhysRevD.99.042001",
      eprint         = "1806.00532",
      archivePrefix  = "arXiv",
      primaryClass   = "astro-ph.IM",
      SLACcitation   = "%%CITATION = ARXIV:1806.00532;%%"
}

@misc{dataLIGO:190425,
  author       = {Abbott, B. P. and others},
  title        = {Glitch model for GW190425},
  year         = 2020,
  doi          = {10.7935/ggb8-1v94},
  url          = {https://dcc.ligo.org/T1900685/public}
}

@article{Siegel:2019mlp,
      author         = "Siegel, Daniel M.",
      title          = "{GW170817--the first observed neutron star merger and its
                        kilonova: implications for the astrophysical site of the
                        r-process}",
      journal        = "Eur. Phys. J.",
      volume         = "A55",
      year           = "2019",
      number         = "11",
      pages          = "203",
      doi            = "10.1140/epja/i2019-12888-9",
      eprint         = "1901.09044",
      archivePrefix  = "arXiv",
      primaryClass   = "astro-ph.HE",
      SLACcitation   = "%%CITATION = ARXIV:1901.09044;%%"
}

@article{Romero-Shaw:2020aaj,
    author = "Romero-Shaw, Isobel M. and Farrow, Nicholas and Stevenson, Simon and Thrane, Eric and Zhu, Xing-Jiang",
    title = "{On the origin of GW190425}",
    eprint = "2001.06492",
    archivePrefix = "arXiv",
    primaryClass = "astro-ph.HE",
    doi = "10.1093/mnrasl/slaa084",
    journal = "Mon. Not. Roy. Astron. Soc.",
    volume = "496",
    number = "1",
    pages = "L64--L69",
    year = "2020"
}

@article{Mikoczi:2005dn,
      author         = "Mikoczi, Balazs and Vasuth, Matyas and Gergely, Laszlo
                        A.",
      title          = "{Self-interaction spin effects in inspiralling compact
                        binaries}",
      journal        = "Phys. Rev.",
      volume         = "D71",
      year           = "2005",
      pages          = "124043",
      doi            = "10.1103/PhysRevD.71.124043",
      eprint         = "astro-ph/0504538",
      archivePrefix  = "arXiv",
      primaryClass   = "astro-ph",
      SLACcitation   = "%%CITATION = ASTRO-PH/0504538;%%"
}

@article{Bohe:2013cla,
      author         = "Bohé, Alejandro and Marsat, Sylvain and Blanchet, Luc",
      title          = "{Next-to-next-to-leading order spin–orbit effects in
                        the gravitational wave flux and orbital phasing of compact
                        binaries}",
      journal        = "Class. Quant. Grav.",
      volume         = "30",
      year           = "2013",
      pages          = "135009",
      doi            = "10.1088/0264-9381/30/13/135009",
      eprint         = "1303.7412",
      archivePrefix  = "arXiv",
      primaryClass   = "gr-qc",
      SLACcitation   = "%%CITATION = ARXIV:1303.7412;%%"
}

@article{ForemanMackey:2012ig,
      author         = "Foreman-Mackey, Daniel and Hogg, David W. and Lang,
                        Dustin and Goodman, Jonathan",
      title          = "{emcee: The MCMC Hammer}",
      journal        = "Publ. Astron. Soc. Pac.",
      volume         = "125",
      year           = "2013",
      pages          = "306-312",
      doi            = "10.1086/670067",
      eprint         = "1202.3665",
      archivePrefix  = "arXiv",
      primaryClass   = "astro-ph.IM",
      SLACcitation   = "%%CITATION = ARXIV:1202.3665;%%"
}

@article{Rodriguez:2018pss,
      author         = "Rodriguez, Carl L. and Amaro-Seoane, Pau and Chatterjee,
                        Sourav and Kremer, Kyle and Rasio, Frederic A. and
                        Samsing, Johan and Ye, Claire S. and Zevin, Michael",
      title          = "{Post-Newtonian Dynamics in Dense Star Clusters:
                        Formation, Masses, and Merger Rates of Highly-Eccentric
                        Black Hole Binaries}",
      journal        = "Phys. Rev.",
      volume         = "D98",
      year           = "2018",
      number         = "12",
      pages          = "123005",
      doi            = "10.1103/PhysRevD.98.123005",
      eprint         = "1811.04926",
      archivePrefix  = "arXiv",
      primaryClass   = "astro-ph.HE",
      SLACcitation   = "%%CITATION = ARXIV:1811.04926;%%"
}

@article{Nitz:2019spj,
    author = "Nitz, Alexander H. and Lenon, Amber and Brown, Duncan A.",
    title = "{Search for Eccentric Binary Neutron Star Mergers in the first and second observing runs of Advanced LIGO}",
    eprint = "1912.05464",
    archivePrefix = "arXiv",
    primaryClass = "astro-ph.HE",
    doi = "10.3847/1538-4357/ab6611",
    journal = "Astrophys. J.",
    volume = "890",
    pages = "1",
    month = "12",
    year = "2019"
}

@article{Fragione:2018yrb,
      author         = "Fragione, Giacomo and Grishin, Evgeni and Leigh, Nathan
                        W. C. and Perets, Hagai.B. and Perna, Rosalba",
      title          = "{Black hole and neutron star mergers in galactic nuclei}",
      journal        = "Mon. Not. Roy. Astron. Soc.",
      volume         = "488",
      year           = "2019",
      number         = "1",
      pages          = "47-63",
      doi            = "10.1093/mnras/stz1651",
      eprint         = "1811.10627",
      archivePrefix  = "arXiv",
      primaryClass   = "astro-ph.GA",
      SLACcitation   = "%%CITATION = ARXIV:1811.10627;%%"
}

@article{Savchenko:2017ffs,
      author         = "Savchenko, V. and others",
      title          = "{INTEGRAL Detection of the First Prompt Gamma-Ray Signal
                        Coincident with the Gravitational-wave Event GW170817}",
      journal        = "Astrophys. J.",
      volume         = "848",
      year           = "2017",
      number         = "2",
      pages          = "L15",
      doi            = "10.3847/2041-8213/aa8f94",
      eprint         = "1710.05449",
      archivePrefix  = "arXiv",
      primaryClass   = "astro-ph.HE",
      SLACcitation   = "%%CITATION = ARXIV:1710.05449;%%"
}

@article{Goldstein:2017mmi,
      author         = "Goldstein, A. and others",
      title          = "{An Ordinary Short Gamma-Ray Burst with Extraordinary
                        Implications: Fermi-GBM Detection of GRB 170817A}",
      journal        = "Astrophys. J.",
      volume         = "848",
      year           = "2017",
      number         = "2",
      pages          = "L14",
      doi            = "10.3847/2041-8213/aa8f41",
      eprint         = "1710.05446",
      archivePrefix  = "arXiv",
      primaryClass   = "astro-ph.HE",
      SLACcitation   = "%%CITATION = ARXIV:1710.05446;%%"
}

@article{Samsing:2017xmd,
    author = "Samsing, Johan",
    archivePrefix = "arXiv",
    doi = "10.1103/PhysRevD.97.103014",
    eprint = "1711.07452",
    journal = "Phys.\ Rev.\ D",
    number = "10",
    pages = "103014",
    primaryClass = "astro-ph.HE",
    title = "{Eccentric Black Hole Mergers Forming in Globular Clusters}",
    volume = "97",
    year = "2018"
}

@article{Rodriguez:2017pec,
      author         = "Rodriguez, Carl L. and Amaro-Seoane, Pau and Chatterjee,
                        Sourav and Rasio, Frederic A.",
      title          = "{Post-Newtonian Dynamics in Dense Star Clusters:
                        Highly-Eccentric, Highly-Spinning, and Repeated Binary
                        Black Hole Mergers}",
      journal        = "Phys. Rev. Lett.",
      volume         = "120",
      year           = "2018",
      number         = "15",
      pages          = "151101",
      doi            = "10.1103/PhysRevLett.120.151101",
      eprint         = "1712.04937",
      archivePrefix  = "arXiv",
      primaryClass   = "astro-ph.HE",
      SLACcitation   = "%%CITATION = ARXIV:1712.04937;%%"
}

@article{Mapelli:2018wys,
    author = "Mapelli, Michela and Giacobbo, Nicola",
    archivePrefix = "arXiv",
    doi = "10.1093/mnras/sty1613",
    eprint = "1806.04866",
    journal = "Mon.\ Not.\ Roy.\ Astron.\ Soc.",
    number = "4",
    pages = "4391--4398",
    primaryClass = "astro-ph.HE",
    title = "{The cosmic merger rate of neutron stars and black holes}",
    volume = "479",
    year = "2018"
}

@article{Giacobbo:2018etu,
    author = "Giacobbo, Nicola and Mapelli, Michela",
    archivePrefix = "arXiv",
    doi = "10.1093/mnras/sty1999",
    eprint = "1806.00001",
    journal = "Mon.\ Not.\ Roy.\ Astron.\ Soc.",
    number = "2",
    pages = "2011--2030",
    primaryClass = "astro-ph.HE",
    title = "{The progenitors of compact-object binaries: impact of metallicity, common envelope and natal kicks}",
    volume = "480",
    year = "2018"
}

@article{Vigna-Gomez:2018dza,
    author = "Vigna-Gómez, Alejandro and others",
    archivePrefix = "arXiv",
    doi = "10.1093/mnras/sty2463",
    eprint = "1805.07974",
    journal = "Mon.\ Not.\ Roy.\ Astron.\ Soc.",
    number = "3",
    pages = "4009--4029",
    primaryClass = "astro-ph.SR",
    title = "{On the formation history of Galactic double neutron stars}",
    volume = "481",
    year = "2018"
}

@article{Kowalska:2010qg,
    author = "Kowalska, I. and Bulik, T. and Belczynski, K. and Dominik, M. and Gondek-Rosinska, D.",
    archivePrefix = "arXiv",
    doi = "10.1051/0004-6361/201015777",
    eprint = "1010.0511",
    journal = "Astron.\ Astrophys.",
    pages = "A70",
    primaryClass = "astro-ph.CO",
    title = "{The eccentricity distribution of compact binaries}",
    volume = "527",
    year = "2011"
}

@article{Safarzadeh:2020mlb,
    author = "Safarzadeh, Mohammadtaher and Farr, Will M. and Ramirez-Ruiz, Enrico",
    title = "{A trend in the effective spin distribution of LIGO binary black holes with mass}",
    eprint = "2001.06490",
    archivePrefix = "arXiv",
    primaryClass = "gr-qc",
    doi = "10.3847/1538-4357/ab80be",
    journal = "Astrophys. J.",
    volume = "894",
    number = "2",
    pages = "129",
    year = "2020"
}

@article{Zevin:2018kzq,
    author = "Zevin, Michael and Samsing, Johan and Rodriguez, Carl and Haster, Carl-Johan and Ramirez-Ruiz, Enrico",
    archivePrefix = "arXiv",
    doi = "10.3847/1538-4357/aaf6ec",
    eprint = "1810.00901",
    journal = "Astrophys.\ J.",
    number = "1",
    pages = "91",
    primaryClass = "astro-ph.HE",
    reportNumber = "LIGO-P1800275",
    title = "{Eccentric Black Hole Mergers in Dense Star Clusters: The Role of Binary--Binary Encounters}",
    volume = "871",
    year = "2019"
}

@article{Wen:2002km,
    author = "Wen, Linqing",
    archivePrefix = "arXiv",
    doi = "10.1086/378794",
    eprint = "astro-ph/0211492",
    journal = "Astrophys.\ J.",
    pages = "419--430",
    title = "{On the eccentricity distribution of coalescing black hole binaries driven by the Kozai mechanism in globular clusters}",
    volume = "598",
    year = "2003"
}

@article{Oslowski:2009zr,
    author = "Oslowski, S. and Bulik, T. and Gondek-Rosinska, D. and Belczynski, K.",
    archivePrefix = "arXiv",
    doi = "10.1111/j.1365-2966.2010.18147.x",
    eprint = "0903.3538",
    journal = "Mon.\ Not.\ Roy.\ Astron.\ Soc.",
    pages = "461",
    primaryClass = "astro-ph.GA",
    title = "{Population synthesis of double neutron stars}",
    volume = "413",
    year = "2011"
}

@article{Kalogera:2001dz,
    author = "Kalogera, Vassiliki and Narayan, R. and Spergel, D.N. and Taylor, J.H.",
    archivePrefix = "arXiv",
    doi = "10.1086/321583",
    eprint = "astro-ph/0012038",
    journal = "Astrophys.\ J.",
    pages = "340--356",
    title = "{The Coalescence rate of double neutron star systems}",
    volume = "556",
    year = "2001"
}

@article{Fragione:2019dtr,
    author = "Fragione, Giacomo and Bromberg, Omer",
    archivePrefix = "arXiv",
    doi = "10.1093/mnras/stz2024",
    eprint = "1903.09659",
    journal = "Mon. Not. Roy. Astron. Soc.",
    number = "3",
    pages = "4370--4377",
    primaryClass = "astro-ph.GA",
    title = "{Eccentric binary black hole mergers in globular clusters hosting intermediate-mass black holes}",
    volume = "488",
    year = "2019"
}

@ARTICLE{emceept,
       author = {{Vousden}, W.~D. and {Farr}, W.~M. and {Mandel}, I.},
        title = "{Dynamic temperature selection for parallel tempering in Markov chain Monte Carlo simulations}",
      journal = {\mnras},
     keywords = {methods: data analysis, methods: numerical, methods: statistical, Astrophysics - Instrumentation and Methods for Astrophysics},
         year = 2016,
        month = jan,
       volume = {455},
       number = {2},
        pages = {1919-1937},
          doi = {10.1093/mnras/stv2422},
archivePrefix = {arXiv},
       eprint = {1501.05823},
 primaryClass = {astro-ph.IM},
       adsurl = {https://ui.adsabs.harvard.edu/abs/2016MNRAS.455.1919V},
      adsnote = {Provided by the SAO/NASA Astrophysics Data System}
}

@article{Radice:2016dwd,
    author = "Radice, David and Galeazzi, Filippo and Lippuner, Jonas and Roberts, Luke F. and Ott, Christian D. and Rezzolla, Luciano",
    archivePrefix = "arXiv",
    doi = "10.1093/mnras/stw1227",
    eprint = "1601.02426",
    journal = "Mon. Not. Roy. Astron. Soc.",
    number = "3",
    pages = "3255--3271",
    primaryClass = "astro-ph.HE",
    title = "{Dynamical Mass Ejection from Binary Neutron Star Mergers}",
    volume = "460",
    year = "2016"
}

@article{Chaurasia:2018zhg,
    author = "Chaurasia, Swami Vivekanandji and Dietrich, Tim and Johnson-McDaniel, Nathan K. and Ujevic, Maximiliano and Tichy, Wolfgang and Brügmann, Bernd",
    archivePrefix = "arXiv",
    doi = "10.1103/PhysRevD.98.104005",
    eprint = "1807.06857",
    journal = "Phys. Rev. D",
    number = "10",
    pages = "104005",
    primaryClass = "gr-qc",
    title = "{Gravitational waves and mass ejecta from binary neutron star mergers: Effect of large eccentricities}",
    volume = "98",
    year = "2018"
}

@article{Soares-Santos:2017lru,
    author = "Soares-Santos, M. and others",
    archivePrefix = "arXiv",
    collaboration = "DES, Dark Energy Camera GW-EM",
    doi = "10.3847/2041-8213/aa9059",
    eprint = "1710.05459",
    journal = "Astrophys. J.",
    number = "2",
    pages = "L16",
    primaryClass = "astro-ph.HE",
    reportNumber = "FERMILAB-PUB-17-454-AE-CD-PPD",
    title = "{The Electromagnetic Counterpart of the Binary Neutron Star Merger LIGO/Virgo GW170817. I. Discovery of the Optical Counterpart Using the Dark Energy Camera}",
    volume = "848",
    year = "2017"
}

@article{Takatsy:2018euo,
    author = "Takátsy, János and Bécsy, Bence and Raffai, Peter",
    archivePrefix = "arXiv",
    doi = "10.1093/mnras/stz820",
    eprint = "1812.04012",
    journal = "Mon. Not. Roy. Astron. Soc.",
    number = "1",
    pages = "570--581",
    primaryClass = "astro-ph.HE",
    title = "{Eccentricity distributions of eccentric binary black holes in galactic nuclei}",
    volume = "486",
    year = "2019"
}

@article{Campanelli:2006fg,
    author = "Campanelli, Manuela and Lousto, C.O. and Zlochower, Yosef",
    archivePrefix = "arXiv",
    doi = "10.1103/PhysRevD.74.084023",
    eprint = "astro-ph/0608275",
    journal = "Phys. Rev. D",
    pages = "084023",
    title = "{Spin-orbit interactions in black-hole binaries}",
    volume = "74",
    year = "2006"
}

@article{Stevenson:2017dlk,
    author = "Stevenson, Simon and Berry, Christopher P.L. and Mandel, Ilya",
    archivePrefix = "arXiv",
    doi = "10.1093/mnras/stx1764",
    eprint = "1703.06873",
    journal = "Mon. Not. Roy. Astron. Soc.",
    number = "3",
    pages = "2801--2811",
    primaryClass = "astro-ph.HE",
    title = "{Hierarchical analysis of gravitational-wave measurements of binary black hole spin--orbit misalignments}",
    volume = "471",
    year = "2017"
}

@article{Rodriguez:2016vmx,
    author = "Rodriguez, Carl L. and Zevin, Michael and Pankow, Chris and Kalogera, Vasilliki and Rasio, Frederic A.",
    archivePrefix = "arXiv",
    doi = "10.3847/2041-8205/832/1/L2",
    eprint = "1609.05916",
    journal = "Astrophys. J.",
    number = "1",
    pages = "L2",
    primaryClass = "astro-ph.HE",
    title = "{Illuminating Black Hole Binary Formation Channels with Spins in Advanced LIGO}",
    volume = "832",
    year = "2016"
}

@article{Thrane:2018qnx,
    author = "Thrane, Eric and Talbot, Colm",
    archivePrefix = "arXiv",
    doi = "10.1017/pasa.2019.2",
    eprint = "1809.02293",
    journal = "Publ. Astron. Soc. Austral.",
    pages = "e010",
    primaryClass = "astro-ph.IM",
    title = "{An introduction to Bayesian inference in gravitational-wave astronomy: parameter estimation, model selection, and hierarchical models}",
    volume = "36",
    year = "2019"
}

@article{Belczynski:2001uc,
    author = "Belczynski, Krzysztof and Kalogera, Vassiliki and Bulik, Tomasz",
    archivePrefix = "arXiv",
    doi = "10.1086/340304",
    eprint = "astro-ph/0111452",
    journal = "Astrophys. J.",
    pages = "407--431",
    title = "{A Comprehensive study of binary compact objects as gravitational wave sources: Evolutionary channels, rates, and physical properties}",
    volume = "572",
    year = "2001"
}

@article{Dewi:2002rx,
    author = "Dewi, J.D.M. and Pols, O.R. and Savonije, G.J. and van den Heuvel, E.P.J.",
    archivePrefix = "arXiv",
    doi = "10.1046/j.1365-8711.2002.05257.x",
    eprint = "astro-ph/0201239",
    journal = "Mon. Not. Roy. Astron. Soc.",
    pages = "1027",
    title = "{The evolution of naked helium stars with a neutron-star companion in close binary systems}",
    volume = "331",
    year = "2002"
}

@article{Ivanova:2002jw,
    author = "Ivanova, Natalia and Belczynski, K. and Kalogera, Vassiliki and Rasio, F.A. and Taam, R.E.",
    archivePrefix = "arXiv",
    doi = "10.1086/375578",
    eprint = "astro-ph/0210267",
    journal = "Astrophys. J.",
    pages = "475--485",
    title = "{The Role of helium stars in the formation of double neutron stars}",
    volume = "592",
    year = "2003"
}

@article{Cantiello:2018ffy,
    author = "Cantiello, Michele and others",
    title = "{A Precise Distance to the Host Galaxy of the Binary Neutron Star Merger GW170817 Using Surface Brightness Fluctuations}",
    eprint = "1801.06080",
    archivePrefix = "arXiv",
    primaryClass = "astro-ph.GA",
    doi = "10.3847/2041-8213/aaad64",
    journal = "Astrophys. J. Lett.",
    volume = "854",
    number = "2",
    pages = "L31",
    year = "2018"
}

@ARTICLE{Smarr1976,
       author = {{Smarr}, L.~L. and {Blandford}, R.},
        title = "{The binary pulsar: physical processes, possible companions, and evolutionary histories.}",
      journal = {\apj},
     keywords = {Binary Stars, Companion Stars, Neutron Stars, Pulsars, Stellar Evolution, Black Holes (Astronomy), Orbital Elements, Stellar Mass, Stellar Motions, White Dwarf Stars, Astrophysics},
         year = 1976,
        month = jul,
       volume = {207},
        pages = {574-588},
          doi = {10.1086/154524},
       adsurl = {https://ui.adsabs.harvard.edu/abs/1976ApJ...207..574S},
      adsnote = {Provided by the SAO/NASA Astrophysics Data System}
}

@article{PortegiesZwart1:1997zn,
    author = "Portegies Zwart, Simon F. and Yungelson, Lev R.",
    title = "{Formation and evolution of binary neutron stars}",
    eprint = "astro-ph/9710347",
    archivePrefix = "arXiv",
    journal = "Astron. Astrophys.",
    volume = "332",
    pages = "173--188",
    year = "1998"
}

@article{Canal:1990dz,
    author = "Canal, R. and Isern, J. and Labay, J.",
    title = "{The origin of neutron stars in binary systems}",
    doi = "10.1146/annurev.aa.28.090190.001151",
    journal = "Ann. Rev. Astron. Astrophys.",
    volume = "28",
    pages = "183--214",
    year = "1990"
}

@article{Kalogera:2006uj,
    author = "Kalogera, Vassiliki and Belczynski, K. and Kim, C. and O'Shaughnessy, Richard W. and Willems, B.",
    title = "{Formation of Double Compact Objects}",
    eprint = "astro-ph/0612144",
    archivePrefix = "arXiv",
    doi = "10.1016/j.physrep.2007.02.008",
    journal = "Phys. Rept.",
    volume = "442",
    pages = "75--108",
    year = "2007"
}

@article{Postnov:2006hka,
    author = "Postnov, Konstantin and Yungelson, Lev",
    title = "{The Evolution of Compact Binary Star Systems}",
    eprint = "astro-ph/0701059",
    archivePrefix = "arXiv",
    doi = "10.12942/lrr-2006-6",
    journal = "Living Rev. Rel.",
    volume = "9",
    pages = "6",
    year = "2006"
}

@article{Tauris:2017omb,
    author = "Tauris, T.M. and others",
    title = "{Formation of Double Neutron Star Systems}",
    eprint = "1706.09438",
    archivePrefix = "arXiv",
    primaryClass = "astro-ph.HE",
    doi = "10.3847/1538-4357/aa7e89",
    journal = "Astrophys. J.",
    volume = "846",
    number = "2",
    pages = "170",
    year = "2017"
}

@article{Amaro-Seoane:2015umi,
    author = "Amaro-Seoane, Pau and Chen, Xian",
    title = "{Relativistic mergers of black hole binaries have large, similar masses, low spins and are circular}",
    eprint = "1512.04897",
    archivePrefix = "arXiv",
    primaryClass = "astro-ph.CO",
    doi = "10.1093/mnras/stw503",
    journal = "Mon. Not. Roy. Astron. Soc.",
    volume = "458",
    number = "3",
    pages = "3075--3082",
    year = "2016"
}

@article{Payne:2019wmy,
    author = "Payne, Ethan and Talbot, Colm and Thrane, Eric",
    title = "{Higher order gravitational-wave modes with likelihood reweighting}",
    eprint = "1905.05477",
    archivePrefix = "arXiv",
    primaryClass = "astro-ph.IM",
    doi = "10.1103/PhysRevD.100.123017",
    journal = "Phys. Rev. D",
    volume = "100",
    number = "12",
    pages = "123017",
    year = "2019"
}

@article{Forbes:2019xaz,
    author = "Forbes, Michael McNeil and Bose, Sukanta and Reddy, Sanjay and Zhou, Dake and Mukherjee, Arunava and De, Soumi",
    title = "{Constraining the neutron-matter equation of state with gravitational waves}",
    eprint = "1904.04233",
    archivePrefix = "arXiv",
    primaryClass = "astro-ph.HE",
    reportNumber = "LIGO-P1900097, INT-PUB-19-009",
    doi = "10.1103/PhysRevD.100.083010",
    journal = "Phys. Rev. D",
    volume = "100",
    number = "8",
    pages = "083010",
    year = "2019"
}

@article{Abbott:2018lct,
    author = "Abbott, B.P. and others",
    collaboration = "LIGO Scientific, Virgo",
    title = "{Tests of General Relativity with GW170817}",
    eprint = "1811.00364",
    archivePrefix = "arXiv",
    primaryClass = "gr-qc",
    reportNumber = "LIGO-P1800059",
    doi = "10.1103/PhysRevLett.123.011102",
    journal = "Phys. Rev. Lett.",
    volume = "123",
    number = "1",
    pages = "011102",
    year = "2019"
}

@article{De:2018uhw,
    author = "De, Soumi and Finstad, Daniel and Lattimer, James M. and Brown, Duncan A. and Berger, Edo and Biwer, Christopher M.",
    title = "{Tidal Deformabilities and Radii of Neutron Stars from the Observation of GW170817}",
    eprint = "1804.08583",
    archivePrefix = "arXiv",
    primaryClass = "astro-ph.HE",
    doi = "10.1103/PhysRevLett.121.091102",
    journal = "Phys. Rev. Lett.",
    volume = "121",
    number = "9",
    pages = "091102",
    year = "2018",
    note = "[Erratum: Phys.Rev.Lett. 121, 259902 (2018)]"
}
@article{Abbott:2018exr,
    author = "Abbott, B.P. and others",
    collaboration = "LIGO Scientific, Virgo",
    title = "{GW170817: Measurements of neutron star radii and equation of state}",
    eprint = "1805.11581",
    archivePrefix = "arXiv",
    primaryClass = "gr-qc",
    reportNumber = "LIGO-P1800115",
    doi = "10.1103/PhysRevLett.121.161101",
    journal = "Phys. Rev. Lett.",
    volume = "121",
    number = "16",
    pages = "161101",
    year = "2018"
}

@article{Capano:2019eae,
    author = "Capano, Collin D. and Tews, Ingo and Brown, Stephanie M. and Margalit, Ben and De, Soumi and Kumar, Sumit and Brown, Duncan A. and Krishnan, Badri and Reddy, Sanjay",
    title = "{Stringent constraints on neutron-star radii from multimessenger observations and nuclear theory}",
    eprint = "1908.10352",
    archivePrefix = "arXiv",
    primaryClass = "astro-ph.HE",
    reportNumber = "INT-PUB-19-037, LA-UR-19-28442",
    doi = "10.1038/s41550-020-1014-6",
    journal = "Nature Astron.",
    volume = "4",
    number = "6",
    pages = "625--632",
    year = "2020"
}

@article{Tews:2018iwm,
    author = "Tews, I. and Margueron, J. and Reddy, S.",
    title = "{Critical examination of constraints on the equation of state of dense matter obtained from GW170817}",
    eprint = "1804.02783",
    archivePrefix = "arXiv",
    primaryClass = "nucl-th",
    reportNumber = "INT-PUB-18-014",
    doi = "10.1103/PhysRevC.98.045804",
    journal = "Phys. Rev. C",
    volume = "98",
    number = "4",
    pages = "045804",
    year = "2018"
}
@article{Bauswein:2017vtn,
    author = "Bauswein, Andreas and Just, Oliver and Janka, Hans-Thomas and Stergioulas, Nikolaos",
    title = "{Neutron-star radius constraints from GW170817 and future detections}",
    eprint = "1710.06843",
    archivePrefix = "arXiv",
    primaryClass = "astro-ph.HE",
    doi = "10.3847/2041-8213/aa9994",
    journal = "Astrophys. J. Lett.",
    volume = "850",
    number = "2",
    pages = "L34",
    year = "2017"
}
@article{Annala:2017llu,
    author = "Annala, Eemeli and Gorda, Tyler and Kurkela, Aleksi and Vuorinen, Aleksi",
    title = "{Gravitational-wave constraints on the neutron-star-matter Equation of State}",
    eprint = "1711.02644",
    archivePrefix = "arXiv",
    primaryClass = "astro-ph.HE",
    reportNumber = "CERN-TH-2017-236",
    doi = "10.1103/PhysRevLett.120.172703",
    journal = "Phys. Rev. Lett.",
    volume = "120",
    number = "17",
    pages = "172703",
    year = "2018"
}
@article{Fattoyev:2017jql,
    author = "Fattoyev, F.J. and Piekarewicz, J. and Horowitz, C.J.",
    title = "{Neutron Skins and Neutron Stars in the Multimessenger Era}",
    eprint = "1711.06615",
    archivePrefix = "arXiv",
    primaryClass = "nucl-th",
    doi = "10.1103/PhysRevLett.120.172702",
    journal = "Phys. Rev. Lett.",
    volume = "120",
    number = "17",
    pages = "172702",
    year = "2018"
}
@article{Raithel:2018ncd,
    author = "Raithel, Carolyn and Özel, Feryal and Psaltis, Dimitrios",
    title = "{Tidal deformability from GW170817 as a direct probe of the neutron star radius}",
    eprint = "1803.07687",
    archivePrefix = "arXiv",
    primaryClass = "astro-ph.HE",
    doi = "10.3847/2041-8213/aabcbf",
    journal = "Astrophys. J. Lett.",
    volume = "857",
    number = "2",
    pages = "L23",
    year = "2018"
}
@article{Most:2018hfd,
    author = "Most, Elias R. and Weih, Lukas R. and Rezzolla, Luciano and Schaffner-Bielich, Jürgen",
    title = "{New constraints on radii and tidal deformabilities of neutron stars from GW170817}",
    eprint = "1803.00549",
    archivePrefix = "arXiv",
    primaryClass = "gr-qc",
    doi = "10.1103/PhysRevLett.120.261103",
    journal = "Phys. Rev. Lett.",
    volume = "120",
    number = "26",
    pages = "261103",
    year = "2018"
}
@article{Radice:2018ozg,
    author = "Radice, David and Dai, Liang",
    title = "{Multimessenger Parameter Estimation of GW170817}",
    eprint = "1810.12917",
    archivePrefix = "arXiv",
    primaryClass = "astro-ph.HE",
    doi = "10.1140/epja/i2019-12716-4",
    journal = "Eur. Phys. J. A",
    volume = "55",
    number = "4",
    pages = "50",
    year = "2019"
}
@article{Coughlin:2018fis,
    author = "Coughlin, Michael W. and Dietrich, Tim and Margalit, Ben and Metzger, Brian D.",
    title = "{Multimessenger Bayesian parameter inference of a binary neutron star merger}",
    eprint = "1812.04803",
    archivePrefix = "arXiv",
    primaryClass = "astro-ph.HE",
    doi = "10.1093/mnrasl/slz133",
    journal = "Mon. Not. Roy. Astron. Soc.",
    volume = "489",
    number = "1",
    pages = "L91--L96",
    year = "2019"
}

@article{Stovall:2018ouw,
    author = "Stovall, K. and others",
    title = "{PALFA Discovery of a Highly Relativistic Double Neutron Star Binary}",
    eprint = "1802.01707",
    archivePrefix = "arXiv",
    primaryClass = "astro-ph.HE",
    doi = "10.3847/2041-8213/aaad06",
    journal = "Astrophys. J. Lett.",
    volume = "854",
    number = "2",
    pages = "L22",
    year = "2018"
}

@article{Martinez:2017jbp,
    author = "Martinez, J.G. and Stovall, K. and Freire, P.C.C. and Deneva, J.S. and Tauris, T.M. and Ridolfi, A. and Wex, N. and Jenet, F.A. and McLaughlin, M.A. and Bagchi, M.",
    title = "{Pulsar J1411+2551: A Low-mass Double Neutron Star System}",
    eprint = "1711.09804",
    archivePrefix = "arXiv",
    primaryClass = "astro-ph.HE",
    doi = "10.3847/2041-8213/aa9d87",
    journal = "Astrophys. J. Lett.",
    volume = "851",
    number = "2",
    pages = "L29",
    year = "2017"
}

@article{Lynch:2018zxo,
    author = "Lynch, Ryan S. and others",
    title = "{The Green Bank North Celestial Cap Pulsar Survey III: 45 New Pulsar Timing Solutions}",
    eprint = "1805.04951",
    archivePrefix = "arXiv",
    primaryClass = "astro-ph.HE",
    doi = "10.3847/1538-4357/aabf8a",
    journal = "Astrophys. J.",
    volume = "859",
    number = "2",
    pages = "93",
    year = "2018"
}

@article{Cameron:2017ody,
    author = "Cameron, A.D. and others",
    title = "{The High Time Resolution Universe Pulsar Survey -- XIII. PSR J1757$-$1854, the most accelerated binary pulsar}",
    eprint = "1711.07697",
    archivePrefix = "arXiv",
    primaryClass = "astro-ph.HE",
    doi = "10.1093/mnrasl/sly003",
    journal = "Mon. Not. Roy. Astron. Soc.",
    volume = "475",
    number = "1",
    pages = "L57--L61",
    year = "2018"
}

%Eccentric Waveform Models

@article{Moore:2016qxz,
      author         = "Moore, Blake and Favata, Marc and Arun, K. G. and Mishra,
                        Chandra Kant",
      title          = "{Gravitational-wave phasing for low-eccentricity
                        inspiralling compact binaries to 3PN order}",
      journal        = "Phys. Rev.",
      volume         = "D93",
      year           = "2016",
      number         = "12",
      pages          = "124061",
      doi            = "10.1103/PhysRevD.93.124061",
      eprint         = "1605.00304",
      archivePrefix  = "arXiv",
      primaryClass   = "gr-qc",
      reportNumber   = "LIGO-DCC-P1500268",
      SLACcitation   = "%%CITATION = ARXIV:1605.00304;%%"
}

@article{Huerta:2016rwp,
    author = "Huerta, E.A. and others",
    title = "{Complete waveform model for compact binaries on eccentric orbits}",
    eprint = "1609.05933",
    archivePrefix = "arXiv",
    primaryClass = "gr-qc",
    doi = "10.1103/PhysRevD.95.024038",
    journal = "Phys. Rev. D",
    volume = "95",
    number = "2",
    pages = "024038",
    year = "2017"
}

@article{Tiwari:2019jtz,
    author = "Tiwari, Srishti and Achamveedu, Gopakumar and Haney, Maria and Hemantakumar, Phurailatapam",
    title = "{Ready-to-use Fourier domain templates for compact binaries inspiraling along moderately eccentric orbits}",
    eprint = "1905.07956",
    archivePrefix = "arXiv",
    primaryClass = "gr-qc",
    doi = "10.1103/PhysRevD.99.124008",
    journal = "Phys. Rev. D",
    volume = "99",
    number = "12",
    pages = "124008",
    year = "2019"
}

@article{Tanay:2016zog,
    author = "Tanay, Sashwat and Haney, Maria and Gopakumar, Achamveedu",
    title = "{Frequency and time domain inspiral templates for comparable mass compact binaries in eccentric orbits}",
    eprint = "1602.03081",
    archivePrefix = "arXiv",
    primaryClass = "gr-qc",
    doi = "10.1103/PhysRevD.93.064031",
    journal = "Phys. Rev. D",
    volume = "93",
    number = "6",
    pages = "064031",
    year = "2016"
}

@misc{alex_nitz_2020_3630601,
  author       = {Alex Nitz and
                  Ian Harry and
                  Duncan Brown and
                  Christopher M. Biwer and
                  Josh Willis and
                  Tito Dal Canton and
                  Collin Capano and
                  Larne Pekowsky and
                  Thomas Dent and
                  Andrew R. Williamson and
                  Soumi De and
                  Gareth Davies and
                  Miriam Cabero and
                  Duncan Macleod and
                  Bernd Machenschalk and
                  Steven Reyes and
                  Prayush Kumar and
                  Thomas Massinger and
                  Francesco Pannarale and
                  dfinstad and
                  Márton Tápai and
                  Stephen Fairhurst and
                  Sebastian Khan and
                  Leo Singer and
                  Sumit Kumar and
                  Alex Nielsen and
                  shasvath and
                  idorrington92 and
                  Amber Lenon and
                  Hunter Gabbard},
  title        = {gwastro/pycbc: PyCBC Release v1.15.4},
  month        = jan,
  year         = 2020,
  publisher    = {Zenodo},
  version      = {v1.15.4},
  doi          = {10.5281/zenodo.3630601},
  url          = {https://doi.org/10.5281/zenodo.3630601}
}