@article{Speagle:2019ivv,
    author = "Speagle, Joshua S.",
    title = "{dynesty: a dynamic nested sampling package for estimating Bayesian posteriors and evidences}",
    eprint = "1904.02180",
    archivePrefix = "arXiv",
    primaryClass = "astro-ph.IM",
    doi = "10.1093/mnras/staa278",
    journal = "Mon. Not. Roy. Astron. Soc.",
    volume = "493",
    number = "3",
    pages = "3132--3158",
    year = "2020"
}

@article{Madras:1988ei,
    author = "Madras, Neal and Sokal, Alan D.",
    title = "{The Pivot algorithm: a highly efficient Monte Carlo method for selfavoiding walk}",
    doi = "10.1007/BF01022990",
    journal = "J. Statist. Phys.",
    volume = "50",
    pages = "109--186",
    year = "1988"
}

@article{Christensen:2004jm,
    author = "Christensen, Nelson and Dupuis, Rejean J. and Woan, Graham and Meyer, Renate",
    title = "{A Metropolis-Hastings algorithm for extracting periodic gravitational wave signals from laser interferometric detector data}",
    eprint = "gr-qc/0402038",
    archivePrefix = "arXiv",
    doi = "10.1103/PhysRevD.70.022001",
    journal = "Phys. Rev. D",
    volume = "70",
    pages = "022001",
    year = "2004"
}

@article{Wahlquist:1987rx,
    author = "Wahlquist, H.",
    title = "{The Doppler Response to Gravitational Waves From a Binary Star Source}",
    doi = "10.1007/BF00759146",
    journal = "Gen. Rel. Grav.",
    volume = "19",
    pages = "1101--1113",
    year = "1987"
}

@article{Flanagan:2007ix,
    author = "Flanagan, Eanna E. and Hinderer, Tanja",
    title = "{Constraining neutron star tidal Love numbers with gravitational wave detectors}",
    eprint = "0709.1915",
    archivePrefix = "arXiv",
    primaryClass = "astro-ph",
    doi = "10.1103/PhysRevD.77.021502",
    journal = "Phys. Rev. D",
    volume = "77",
    pages = "021502",
    year = "2008"
}

@article{Aasi:2014mqd,
    author = "Aasi, J. and others",
    collaboration = "LIGO Scientific, VIRGO",
    title = "{Characterization of the LIGO detectors during their sixth science run}",
    eprint = "1410.7764",
    archivePrefix = "arXiv",
    primaryClass = "gr-qc",
    doi = "10.1088/0264-9381/32/11/115012",
    journal = "Class. Quant. Grav.",
    volume = "32",
    number = "11",
    pages = "115012",
    year = "2015"
}

@article{Abbott:2020niy,
    author = "Abbott, R. and others",
    collaboration = "LIGO Scientific, Virgo",
    title = "{GWTC-2: Compact Binary Coalescences Observed by LIGO and Virgo During the First Half of the Third Observing Run}",
    eprint = "2010.14527",
    archivePrefix = "arXiv",
    primaryClass = "gr-qc",
    reportNumber = "P2000061",
    month = "10",
    year = "2020",
    journal = "ArXiv e-print"
}


@article{Abbott:2020tfl,
    author = "Abbott, R. and others",
    collaboration = "LIGO Scientific, Virgo",
    title = "{GW190521: A Binary Black Hole Merger with a Total Mass of $150  M_{\odot}$}",
    eprint = "2009.01075",
    archivePrefix = "arXiv",
    primaryClass = "gr-qc",
    doi = "10.1103/PhysRevLett.125.101102",
    journal = "Phys. Rev. Lett.",
    volume = "125",
    number = "10",
    pages = "101102",
    year = "2020"
}

@article{Abbott:2020khf,
    author = "Abbott, R. and others",
    collaboration = "LIGO Scientific, Virgo",
    title = "{GW190814: Gravitational Waves from the Coalescence of a 23 Solar Mass Black Hole with a 2.6 Solar Mass Compact Object}",
    eprint = "2006.12611",
    archivePrefix = "arXiv",
    primaryClass = "astro-ph.HE",
    reportNumber = "LIGO-P190814",
    doi = "10.3847/2041-8213/ab960f",
    journal = "Astrophys. J. Lett.",
    volume = "896",
    number = "2",
    pages = "L44",
    year = "2020"
}

@article{Moore:2014lga,
    author = "Moore, C. J. and Cole, R. H. and Berry, C. P. L.",
    title = "{Gravitational-wave sensitivity curves}",
    eprint = "1408.0740",
    archivePrefix = "arXiv",
    primaryClass = "gr-qc",
    reportNumber = "LIGO-P1400129",
    doi = "10.1088/0264-9381/32/1/015014",
    journal = "Class. Quant. Grav.",
    volume = "32",
    number = "1",
    pages = "015014",
    year = "2015"
}

@ARTICLE{1968Natur.219...47B,
       author = {{Bramanti}, Donato},
        title = "{Perihelion Precession of Mercury}",
      journal = {\nat},
         year = 1968,
        month = jul,
       volume = {219},
       number = {5149},
        pages = {47-48},
          doi = {10.1038/219047a0}
}

@article{Postnov:2014tza,
    author = "Postnov, Konstantin A. and Yungelson, Lev R.",
    title = "{The Evolution of Compact Binary Star Systems}",
    eprint = "1403.4754",
    archivePrefix = "arXiv",
    primaryClass = "astro-ph.HE",
    doi = "10.12942/lrr-2014-3",
    journal = "Living Rev. Rel.",
    volume = "17",
    pages = "3",
    year = "2014"
}

@article{Chruslinska:2017odi,
    author = "Chruslinska, Martyna and Belczynski, Krzysztof and Klencki, Jakub and Benacquista, Matthew",
    title = "{Double neutron stars: merger rates revisited}",
    eprint = "1708.07885",
    archivePrefix = "arXiv",
    primaryClass = "astro-ph.HE",
    doi = "10.1093/mnras/stx2923",
    journal = "Mon. Not. Roy. Astron. Soc.",
    volume = "474",
    number = "3",
    pages = "2937--2958",
    year = "2018"
}

@article{Ivanova:2007bu,
    author = "Ivanova, N. and Heinke, C. and Rasio, F. A. and Belczynski, K. and Fregeau, J.",
    title = "{Formation and evolution of compact binaries in globular clusters: II. Binaries with neutron stars}",
    eprint = "0706.4096",
    archivePrefix = "arXiv",
    primaryClass = "astro-ph",
    doi = "10.1111/j.1365-2966.2008.13064.x",
    journal = "Mon. Not. Roy. Astron. Soc.",
    volume = "386",
    pages = "553--576",
    year = "2008"
}

@article{Petrovich:2017otm,
    author = "Petrovich, Cristobal and Antonini, Fabio",
    title = "{Greatly enhanced merger rates of compact-object binaries in non-spherical nuclear star clusters}",
    eprint = "1705.05848",
    archivePrefix = "arXiv",
    primaryClass = "astro-ph.HE",
    doi = "10.3847/1538-4357/aa8628",
    journal = "Astrophys. J.",
    volume = "846",
    number = "2",
    pages = "146",
    year = "2017"
}

@article{Punturo:2010zz,
    author = "Punturo, M. and others",
    editor = "Ricci, Fulvio",
    title = "{The Einstein Telescope: A third-generation gravitational wave observatory}",
    doi = "10.1088/0264-9381/27/19/194002",
    journal = "Class. Quant. Grav.",
    volume = "27",
    pages = "194002",
    year = "2010"
}

@article{Damour:2004bz,
    author = "Damour, Thibault and Gopakumar, Achamveedu and Iyer, Bala R.",
    title = "{Phasing of gravitational waves from inspiralling eccentric binaries}",
    eprint = "gr-qc/0404128",
    archivePrefix = "arXiv",
    doi = "10.1103/PhysRevD.70.064028",
    journal = "Phys. Rev. D",
    volume = "70",
    pages = "064028",
    year = "2004"
}

@article{Hulse:1974eb,
    author = "Hulse, R. A. and Taylor, J. H.",
    title = "{Discovery of a pulsar in a binary system}",
    doi = "10.1086/181708",
    journal = "Astrophys. J. Lett.",
    volume = "195",
    pages = "L51--L53",
    year = "1975"
}

@article{Buehrke:1993nd,
    author = "Buehrke, T.",
    title = "{Nobel prize in physics 1993 for Russell A. Hulse and Joseph H. Taylor. (In German)}",
    doi = "10.1002/piuz.19930240604",
    journal = "Phys. Unserer Zeit",
    volume = "24",
    pages = "253",
    year = "1993"
}

@article{Weisberg:2004hi,
    author = "Weisberg, Joel M. and Taylor, Joseph H.",
    title = "{Relativistic binary pulsar B1913+16: Thirty years of observations and analysis}",
    eprint = "astro-ph/0407149",
    archivePrefix = "arXiv",
    journal = "ASP Conf. Ser.",
    volume = "328",
    pages = "25",
    year = "2005"
}

@ARTICLE{Flannery1975,
    author = "Flannery, B.P. and van den Heuvel, E. P. J.",
    title = "{On the origin of the binary pulsar PSR 1913+16.}",
    journal = "\aap",
    year = "1975",
    month = "Feb",
    volume = "39",
    pages = "61-67"
}

@ARTICLE{DeLoore1975,
    author = "De Loore, C. and De Greve, J. P. and de Cuyper, J. P.",
    title = "{Evolution of Massive Close Binaries. II: The Post X-Ray Binary Stage: Origin of Run-away and Binary Pulsars}",
    journal = "\aaps",
    year = "1975",
    month = "Aug",
    volume = "36",
    number = "1",
    pages = "219-225",
    doi = "10.1007/BF00681952"
}

@article{Heggie:1975tg,
    author = "Heggie, D. C.",
    title = "{Binary evolution in stellar dynamics}",
    journal = "Mon. Not. Roy. Astron. Soc.",
    volume = "173",
    pages = "729--787",
    year = "1975"
}

@article{Yu:2020iqj,
    author = "Yu, Hang and Ma, Sizheng and Giesler, Matthew and Chen, Yanbei",
    title = "{Spin and Eccentricity Evolution in Triple Systems: from the Lidov-Kozai Interaction to the Final Merger of the Inner Binary}",
    eprint = "2007.12978",
    archivePrefix = "arXiv",
    primaryClass = "gr-qc",
    doi = "10.1103/PhysRevD.102.123009",
    journal = "Phys. Rev. D",
    volume = "102",
    pages = "123009",
    year = "2020"
}

@article{Ivanova:2006xp,
    author = "Ivanova, Natalia and Heinke, C. O. and Rasio, F. A. and Taam, R. E. and Belczynski, K. and Fregeau, J.",
    title = "{Formation and evolution of compact binaries in globular clusters: I.binaries with white dwarfs}",
    eprint = "astro-ph/0604085",
    archivePrefix = "arXiv",
    doi = "10.1111/j.1365-2966.2006.10876.x",
    journal = "Mon. Not. Roy. Astron. Soc.",
    volume = "372",
    pages = "1043--1059",
    year = "2006"
}

@article{Heggie:1996dr,
    author = "Heggie, Douglas C. and Hut, Piet and McMillan, Steven L. W.",
    title = "{Exchange cross-sections for hard binaries}",
    eprint = "astro-ph/9603080",
    archivePrefix = "arXiv",
    reportNumber = "IASSNS-AST-96-17",
    journal = "IAU Symp.",
    volume = "174",
    pages = "371",
    year = "1996"
}

@article{Meers:1988wp,
    author = "Meers, B. J.",
    title = "{Recycling in Laser Interferometric Gravitational Wave Detectors}",
    doi = "10.1103/PhysRevD.38.2317",
    journal = "Phys. Rev. D",
    volume = "38",
    pages = "2317--2326",
    year = "1988"
}

@misc{A+,
    author = "Barsotti, Lisa and McCuller, Lee and Evans, Matthew and Fritschel, Peter ",
    title = "{The A+ design curve}",
    howpublished = "https://dcc.ligo.org/LIGO-T1800042/public"



}