
@ARTICLE{skyloc:GW150914,
   author = {{Abbott}, B.~P. and {Abbott}, R. and {Abbott}, T.~D. and {Abernathy}, M.~R. and 
	{Acernese}, F. and {Ackley}, K. and {Adams}, C. and {Adams}, T. and 
	{Addesso}, P. and {Adhikari}, R.~X. and et al.},
    title = "{Localization and Broadband Follow-up of the Gravitational-wave Transient GW150914}",
  journal = {\apjl},
archivePrefix = "arXiv",
   eprint = {1602.08492},
 primaryClass = "astro-ph.HE",
 keywords = {gravitational waves, methods: observational},
     year = 2016,
    month = jul,
   volume = 826,
      eid = {L13},
    pages = {L13},
      doi = {10.3847/2041-8205/826/1/L13},
   adsurl = {http://adsabs.harvard.edu/abs/2016ApJ...826L..13A},
  adsnote = {Provided by the SAO/NASA Astrophysics Data System}
}


%%%for pycbc

@article{Canton:2014ena,
  author         = "Dal Canton, Tito and others",
  title          = "{Implementing a search for aligned-spin neutron
                    star-black hole systems with advanced ground based
                    gravitational wave detectors}",
  journal        = "Phys. Rev.",
  volume         = "D90",
  year           = "2014",
  number         = "8",
  pages          = "082004",
  doi            = "10.1103/PhysRevD.90.082004",
  eprint         = "1405.6731",
  archivePrefix  = "arXiv",
  primaryClass   = "gr-qc",
  reportNumber   = "LIGO-P1400053",
  SLACcitation   = "%%CITATION = ARXIV:1405.6731;%%"
}

@article{Usman:2015kfa,
  author         = "Usman, Samantha A. and others",
  title          = "{The PyCBC search for gravitational waves from compact
                    binary coalescence}",
  journal        = "Class. Quant. Grav.",
  volume         = "33",
  year           = "2016",
  number         = "21",
  pages          = "215004",
  doi            = "10.1088/0264-9381/33/21/215004",
  eprint         = "1508.02357",
  archivePrefix  = "arXiv",
  primaryClass   = "gr-qc",
  reportNumber   = "LIGO-P1500086",
  SLACcitation   = "%%CITATION = ARXIV:1508.02357;%%"
}

@article{Nitz:2017svb,
  author         = "Nitz, Alexander H. and Dent, Thomas and Dal Canton, Tito
                    and Fairhurst, Stephen and Brown, Duncan A.",
  title          = "{Detecting binary compact-object mergers with
                    gravitational waves: Understanding and Improving the
                    sensitivity of the PyCBC search}",
  journal        = "Astrophys. J.",
  volume         = "849",
  year           = "2017",
  number         = "2",
  pages          = "118",
  doi            = "10.3847/1538-4357/aa8f50",
  eprint         = "1705.01513",
  archivePrefix  = "arXiv",
  primaryClass   = "gr-qc",
  reportNumber   = "LIGO-P1700088-V4",
  SLACcitation   = "%%CITATION = ARXIV:1705.01513;%%"
}
