@STRING{classical-and-quantum-gravity="Class.~Quantum~Grav." }
@STRING{physical-review-d="Phys.~Rev.~D" }
@STRING{physical-review-letters="Phys.~Rev.~Lett." }
@STRING{astrophysical-journal="Astrophys.~J." }
@STRING{astrophysical-journal-letters="Astrophys.~J.~Lett." }

% Lines to be added for a complete record:
%  volume =	 "XX",
%  pages =	 "XXXX",
%  archivePrefix ="arXiv",
%  primaryClass = "gr-qc",
%  eprint =	 "XXXX.XXXX",


@Article{GW150914-DETECTION,
  author =	 {Abbott, B. P. and others},
  title =	 {Observation of Gravitational Waves from a Binary
                  Black Hole Merger},
  note =	 {\url{https://dcc.ligo.org/LIGO-P150914/public/main}},
  collaboration  = "LIGO Scientific Collaboration, Virgo Collaboration",
  journal =	 physical-review-letters,
  volume =	 116,
  pages =	 061102,
  year =	 2016,
  archivePrefix ="arXiv",
  primaryClass = "gr-qc",
  eprint =	 "1602.03847",
}

%   journal =	 physical-review-d,

@Article{GW150914-BURST,
      author         = "Abbott, B. P. and others",
      title          = "{Observing gravitational-wave transient GW150914 with
                        minimal assumptions}",
      collaboration  = "LIGO Scientific Collaboration, Virgo Collaboration",
      year           = "2016",
      eprint         = "1602.03843",
      archivePrefix  = "arXiv",
      primaryClass   = "gr-qc",
      note =         {\url{https://dcc.ligo.org/LIGO-P1500229/public/main}},
}

%   journal =	 physical-review-d,

@Article{GW150914-CBC,
      author         = "Abbott, B. P. and others",
      title          = "{GW150914: First results from the search for binary black
                        hole coalescence with Advanced LIGO}",
      collaboration  = "LIGO Scientific Collaboration, Virgo Collaboration",
      year           = "2016",
      eprint         = "1602.03839",
      archivePrefix  = "arXiv",
      primaryClass   = "gr-qc",
      reportNumber   = "LIGO-P1500269",
      SLACcitation   = "%%CITATION = ARXIV:1602.03839;%%",
      note =         {\url{https://dcc.ligo.org/LIGO-P1500269/public/main}},
}

%  journal =	 physical-review-letters,

@Article{GW150914-PARAMESTIM,
      author         = "Abbott, B. P. and others",
      title          = "{Properties of the binary black hole merger GW150914}",
      collaboration  = "LIGO Scientific Collaboration, Virgo Collaboration",
      year           = "2016",
      eprint         = "1602.03840",
      archivePrefix  = "arXiv",
      primaryClass   = "gr-qc",
      reportNumber   = "LIGO-P1500218",
      SLACcitation   = "%%CITATION = ARXIV:1602.03840;%%",
      note =         {\url{https://dcc.ligo.org/LIGO-P1500218/public/main}},
}

%   journal =	 astrophysical-journal-letters,

@Article{GW150914-RATES,
      author         = "Abbott, B. P. and others",
      title          = "{The Rate of Binary Black Hole Mergers Inferred from
                        Advanced LIGO Observations Surrounding GW150914}",
      collaboration  = "LIGO Scientific Collaboration, Virgo Collaboration",
      year           = "2016",
      eprint         = "1602.03842",
      archivePrefix  = "arXiv",
      primaryClass   = "astro-ph.HE",
      reportNumber   = "LIGO-P1500217",
      SLACcitation   = "%%CITATION = ARXIV:1602.03842;%%",
      note =         {\url{https://dcc.ligo.org/LIGO-P1500217/public/main}},
}

@Article{GW150914-ASTRO,
      author         = "Abbott, B. P. and others",
      title          = "{Astrophysical Implications of the Binary Black-Hole
                        Merger GW150914}",
      collaboration  = "LIGO Scientific Collaboration, Virgo Collaboration",
      journal        = "Astrophys. J.",
      volume         = "818",
      year           = "2016",
      number         = "2",
      pages          = "L22",
      doi            = "10.3847/2041-8205/818/2/L22",
      eprint         = "1602.03846",
      archivePrefix  = "arXiv",
      primaryClass   = "astro-ph.HE",
      reportNumber   = "LIGO-P1500262",
      SLACcitation   = "%%CITATION = ARXIV:1602.03846;%%",
      note =         {\url{https://dcc.ligo.org/LIGO-P1500262/public/main}},
}

%  journal =	 physical-review-letters,

@Article{GW150914-TESTOFGR,
      author         = "Abbott, B. P. and others",
      title          = "{Tests of general relativity with GW150914}",
      collaboration  = "LIGO Scientific Collaboration, Virgo Collaboration",
      year           = "2016",
      eprint         = "1602.03841",
      archivePrefix  = "arXiv",
      primaryClass   = "gr-qc",
      reportNumber   = "LIGO-P1500213",
      SLACcitation   = "%%CITATION = ARXIV:1602.03841;%%",
      note =         {\url{https://dcc.ligo.org/LIGO-P1500213/public/main}},
}

%   journal =	 physical-review-letters,

@Article{GW150914-STOCHASTIC,
      author         = "Abbott, B. P. and others",
      title          = "{GW150914: Implications for the stochastic gravitational
                        wave background from binary black holes}",
      collaboration  = "LIGO Scientific Collaboration, Virgo Collaboration",
      year           = "2016",
      eprint         = "1602.03847",
      archivePrefix  = "arXiv",
      primaryClass   = "gr-qc",
      reportNumber   = "LIGO-P1500222",
      SLACcitation   = "%%CITATION = ARXIV:1602.03847;%%",
      note =         {\url{https://dcc.ligo.org/LIGO-P1500222/public/main}},
}

% journal =	 ?,

@Article{GW150914-CALIBRATION,
      author         = "Abbott, B. P. and others",
      title          = "{Calibration of the Advanced LIGO detectors for the
                        discovery of the binary black-hole merger GW150914}",
      collaboration  = "LIGO Scientific Collaboration",
      year           = "2016",
      eprint         = "1602.03845",
      archivePrefix  = "arXiv",
      primaryClass   = "gr-qc",
      SLACcitation   = "%%CITATION = ARXIV:1602.03845;%%",
      note =         {\url{https://dcc.ligo.org/LIGO-P1500248/public/main}},
}

% journal =	 classical-and-quantum-gravity,

@Article{GW150914-DETCHAR,
      author         = "Abbott, B. P. and others",
      title          = "{Characterization of transient noise in Advanced LIGO
                        relevant to gravitational wave signal GW150914}",
      collaboration  = "LIGO Scientific Collaboration, Virgo Collaboration",
      year           = "2016",
      eprint         = "1602.03844",
      archivePrefix  = "arXiv",
      primaryClass   = "gr-qc",
      SLACcitation   = "%%CITATION = ARXIV:1602.03844;%%",
      note =         {\url{https://dcc.ligo.org/LIGO-P1500238/public/main}},
}

% journal =	 physical-review-letters,

@Article{GW150914-DETECTORS,
             author         = "Abbott, B. P. and others",
      title          = "{GW150914: The Advanced LIGO Detectors in the Era of
                        First Discoveries}",
      collaboration  = "LIGO Scientific Collaboration, Virgo Collaboration",
      year           = "2016",
      eprint         = "1602.03838",
      archivePrefix  = "arXiv",
      primaryClass   = "gr-qc",
      reportNumber   = "LIGO-P1500237",
      SLACcitation   = "%%CITATION = ARXIV:1602.03838;%%",
      note =         {\url{https://dcc.ligo.org/LIGO-P1500237/public/main}},          
}

%journal =	 astrophysical-journal-letters,

@Article{GW150914-EMFOLLOW,
  author =	 {Abbott, B. and others},
  title =	 {Localization and broadband follow-up of the gravitational-wave transient {GW150914}},
  note =         {\url{https://dcc.ligo.org/LIGO-P1500227/public/main}},
  year =	 2016,
  archivePrefix ="arXiv",
  primaryClass = "astro-ph",
  eprint =	 "1602.08492",
  reportNumber = "LIGO-P1500237"
}

%journal =	 physical-review-d,

@Article{GW150914-HEN,
      author         = "Adrian-Martinez, S. and others",
      title          = "{High-energy Neutrino follow-up search of Gravitational
                        Wave Event GW150914 with ANTARES and IceCube}",
      collaboration  = "LIGO Scientific Collaboration, Virgo Collaboration, IceCube, ANTARES",
      year           = "2016",
      eprint         = "1602.05411",
      archivePrefix  = "arXiv",
      primaryClass   = "astro-ph.HE",
      reportNumber   = "LIGO-P1500271",
      SLACcitation   = "%%CITATION = ARXIV:1602.05411;%%",
      note =         {\url{https://dcc.ligo.org/LIGO-P1500271/public/main}},
}

%journal =	 physical-review-d,

@Article{GW150914-ACCURACY,
  author =	 {Abbott, B. and others},
  title =	 {WF Accuracy},
  note =         {\url{https://dcc.ligo.org/P1500259/public/main}},
  year =	 2016,
}
