%%%%%%%%%

@article{SEOBNRv2,
  title = {Effective-one-body model for black-hole binaries with generic mass ratios and spins},
  author = {Taracchini, Andrea and Buonanno, Alessandra and Pan, Yi and Hinderer, Tanja and Boyle, Michael and Hemberger, Daniel A. and Kidder, Lawrence E. and Lovelace, Geoffrey and Mrou\'e, Abdul H. and Pfeiffer, Harald P. and Scheel, Mark A. and Szil\'agyi, B\'ela and Taylor, Nicholas W. and Zenginoglu, Anil},
  journal = {Phys. Rev. D},
  volume = {89},
  issue = {6},
  pages = {061502},
  numpages = {6},
  year = {2014},
  month = {Mar},
  publisher = {American Physical Society},
  doi = {10.1103/PhysRevD.89.061502},
  url = {https://link.aps.org/doi/10.1103/PhysRevD.89.061502}
}


@ARTICLE{SEOBNRv3,
   author = {{Pan}, Y. and {Buonanno}, A. and {Taracchini}, A. and {Kidder}, L.~E. and 
	{Mrou{\'e}}, A.~H. and {Pfeiffer}, H.~P. and {Scheel}, M.~A. and 
	{Szil{\'a}gyi}, B.},
    title = "{Inspiral-merger-ringdown waveforms of spinning, precessing black-hole binaries in the effective-one-body formalism}",
  journal = {\prd},
archivePrefix = "arXiv",
   eprint = {1307.6232},
 primaryClass = "gr-qc",
 keywords = {Numerical relativity, Numerical studies of black holes and black-hole binaries, Post-Newtonian approximation, perturbation theory, related approximations, Gravitational waves: theory},
     year = 2014,
    month = apr,
   volume = 89,
   number = 8,
      eid = {084006},
    pages = {084006},
      doi = {10.1103/PhysRevD.89.084006},
   adsurl = {http://adsabs.harvard.edu/abs/2014PhRvD..89h4006P},
  adsnote = {Provided by the SAO/NASA Astrophysics Data System}
}

@article{IMRPhenomPv2,
  title = {Simple Model of Complete Precessing Black-Hole-Binary Gravitational Waveforms},
  author = {Hannam, Mark and Schmidt, Patricia and Boh\'e, Alejandro and Haegel, Le\"{\i}la and Husa, Sascha and Ohme, Frank and Pratten, Geraint and P\"urrer, Michael},
  journal = {Phys. Rev. Lett.},
  volume = {113},
  issue = {15},
  pages = {151101},
  numpages = {5},
  year = {2014},
  month = {Oct},
  publisher = {American Physical Society},
  doi = {10.1103/PhysRevLett.113.151101},
  url = {https://link.aps.org/doi/10.1103/PhysRevLett.113.151101}
}



@BOOK{JCreightonBook,
   author = {{Creighton}, J. and {Anderson}, W.},
    title = "{Gravitational-Wave Physics and Astronomy: An Introduction to Theory, Experiment and Data Analysis.}",
booktitle = {Gravitational-Wave Physics and Astronomy: An Introduction to Theory, Experime nt and Data Analysis, by J.~Creighton and W.~Anderson.~ Wiley Series on Cosmology, 2011.~ISBN 978-3527408863.~ Wiley-VCH (Weinheim, Germany).},
     year = 2011,
    month = nov,
   adsurl = {http://adsabs.harvard.edu/abs/2011gwpa.book.....C},
  adsnote = {Provided by the SAO/NASA Astrophysics Data System}
}



%%%%%%RDPE


@ARTICLE{London,
   author = {{London}, L. and {Shoemaker}, D. and {Healy}, J.},
    title = "{Modeling ringdown: Beyond the fundamental quasinormal modes}",
  journal = {\prd},
archivePrefix = "arXiv",
   eprint = {1404.3197},
 primaryClass = "gr-qc",
 keywords = {Classical black holes, Numerical relativity, Post-Newtonian approximation, perturbation theory, related approximations, Gravitational waves: theory},
     year = 2014,
    month = dec,
   volume = 90,
   number = 12,
      eid = {124032},
    pages = {124032},
      doi = {10.1103/PhysRevD.90.124032},
   adsurl = {http://adsabs.harvard.edu/abs/2014PhRvD..90l4032L},
  adsnote = {Provided by the SAO/NASA Astrophysics Data System}
}



@ARTICLE{London2,
   author = {{London}, L.~T.},
    title = "{Modeling ringdown II: non-precessing binary black holes}",
  journal = {ArXiv e-prints},
archivePrefix = "arXiv",
   eprint = {1801.08208},
 primaryClass = "gr-qc",
 keywords = {General Relativity and Quantum Cosmology},
     year = 2018,
    month = jan,
   adsurl = {http://adsabs.harvard.edu/abs/2018arXiv180108208L},
  adsnote = {Provided by the SAO/NASA Astrophysics Data System}
}

@ARTICLE{2016JMP....57i2504B,
   author = {{Boyle}, M.},
    title = "{How should spin-weighted spherical functions be defined?}",
  journal = {Journal of Mathematical Physics},
archivePrefix = "arXiv",
   eprint = {1604.08140},
 primaryClass = "gr-qc",
     year = 2016,
    month = sep,
   volume = 57,
   number = 9,
      eid = {092504},
    pages = {092504},
      doi = {10.1063/1.4962723},
   adsurl = {http://adsabs.harvard.edu/abs/2016JMP....57i2504B},
  adsnote = {Provided by the SAO/NASA Astrophysics Data System}
}


@article{doi:10.1063/1.1705135,
author = {Goldberg,J. N.  and Macfarlane,A. J.  and Newman,E. T.  and Rohrlich,F.  and Sudarshan,E. C. G. },
title = {Spin‐s Spherical Harmonics and ð},
journal = {Journal of Mathematical Physics},
volume = {8},
number = {11},
pages = {2155-2161},
year = {1967},
doi = {10.1063/1.1705135},

URL = { 
        https://doi.org/10.1063/1.1705135
    
},
eprint = { 
        https://doi.org/10.1063/1.1705135
    
}

}


@ARTICLE{skyloc:GW150914,
   author = {{Abbott}, B.~P. and {Abbott}, R. and {Abbott}, T.~D. and {Abernathy}, M.~R. and 
    {Acernese}, F. and {Ackley}, K. and {Adams}, C. and {Adams}, T. and 
    {Addesso}, P. and {Adhikari}, R.~X. and et al.},
    title = "{Localization and Broadband Follow-up of the Gravitational-wave Transient GW150914}",
  journal = {\apjl},
archivePrefix = "arXiv",
   eprint = {1602.08492},
 primaryClass = "astro-ph.HE",
 keywords = {gravitational waves, methods: observational},
     year = 2016,
    month = jul,
   volume = 826,
      eid = {L13},
    pages = {L13},
      doi = {10.3847/2041-8205/826/1/L13},
   adsurl = {http://adsabs.harvard.edu/abs/2016ApJ...826L..13A},
  adsnote = {Provided by the SAO/NASA Astrophysics Data System}
}

@article{10.2307/2684568,
 ISSN = {00031305},
 URL = {http://www.jstor.org/stable/2684568},
 abstract = {We provide a detailed, introductory exposition of the Metropolis-Hastings algorithm, a powerful Markov chain method to simulate multivariate distributions. A simple, intuitive derivation of this method is given along with guidance on implementation. Also discussed are two applications of the algorithm, one for implementing acceptance-rejection sampling when a blanketing function is not available and the other for implementing the algorithm with block-at-a-time scans. In the latter situation, many different algorithms, including the Gibbs sampler, are shown to be special cases of the Metropolis-Hastings algorithm. The methods are illustrated with examples.},
 author = {Siddhartha Chib and Edward Greenberg},
 journal = {The American Statistician},
 number = {4},
 pages = {327--335},
 publisher = {[American Statistical Association, Taylor & Francis, Ltd.]},
 title = {Understanding the Metropolis-Hastings Algorithm},
 volume = {49},
 year = {1995}
}



@ARTICLE{2008PhRvD..77d2001V,
   author = {{Vallisneri}, M.},
    title = "{Use and abuse of the Fisher information matrix in the assessment of gravitational-wave parameter-estimation prospects}",
  journal = {\prd},
   eprint = {gr-qc/0703086},
 keywords = {Gravitational wave detectors and experiments, Inference methods, Gravitational radiation detectors, mass spectrometers, and other instrumentation and techniques},
     year = 2008,
    month = feb,
   volume = 77,
   number = 4,
      eid = {042001},
    pages = {042001},
      doi = {10.1103/PhysRevD.77.042001},
   adsurl = {http://adsabs.harvard.edu/abs/2008PhRvD..77d2001V},
  adsnote = {Provided by the SAO/NASA Astrophysics Data System}
}


@ARTICLE{SchutzBF,
   author = {{Schutz}, B.~F.},
    title = "{Gravitational wave astronomy}",
  journal = {Classical and Quantum Gravity},
   eprint = {gr-qc/9911034},
     year = 1999,
    month = dec,
   volume = 16,
    pages = {A131-A156},
   adsurl = {http://adsabs.harvard.edu/abs/1999CQGra..16A.131S},
  adsnote = {Provided by the SAO/NASA Astrophysics Data System}
}



@article{newSNR1,
  title = {Searching for gravitational waves from binary coalescence},
  author = {Babak, S. and Biswas, R. and Brady, P. R. and Brown, D. A. and Cannon, K. and Capano, C. D. and Clayton, J. H. and Cokelaer, T. and Creighton, J. D. E. and Dent, T. and Dietz, A. and Fairhurst, S. and Fotopoulos, N. and Gonz\'alez, G. and Hanna, C. and Harry, I. W. and Jones, G. and Keppel, D. and McKechan, D. J. A. and Pekowsky, L. and Privitera, S. and Robinson, C. and Rodriguez, A. C. and Sathyaprakash, B. S. and Sengupta, A. S. and Vallisneri, M. and Vaulin, R. and Weinstein, A. J.},
  journal = {Phys. Rev. D},
  volume = {87},
  issue = {2},
  pages = {024033},
  numpages = {18},
  year = {2013},
  month = {Jan},
  publisher = {American Physical Society},
  doi = {10.1103/PhysRevD.87.024033},
  url = {https://link.aps.org/doi/10.1103/PhysRevD.87.024033}
}


@ARTICLE{newSNR2,
   author = {{Abadie}, J. and {Abbott}, B.~P. and {Abbott}, R. and {Abbott}, T.~D. and 
	{Abernathy}, M. and {Accadia}, T. and {Acernese}, F. and {Adams}, C. and 
	{Adhikari}, R. and {Affeldt}, C. and et al.},
    title = "{Search for gravitational waves from low mass compact binary coalescence in LIGO's sixth science run and Virgo's science runs 2 and 3}",
  journal = {\prd},
archivePrefix = "arXiv",
   eprint = {1111.7314},
 primaryClass = "gr-qc",
 keywords = {Wave generation and sources, Experimental tests of gravitational theories},
     year = 2012,
    month = apr,
   volume = 85,
   number = 8,
      eid = {082002},
    pages = {082002},
      doi = {10.1103/PhysRevD.85.082002},
   adsurl = {http://adsabs.harvard.edu/abs/2012PhRvD..85h2002A},
  adsnote = {Provided by the SAO/NASA Astrophysics Data System}
}



@ARTICLE{FindChirp,
   author = {{Allen}, B. and {Anderson}, W.~G. and {Brady}, P.~R. and {Brown}, D.~A. and 
	{Creighton}, J.~D.~E.},
    title = "{FINDCHIRP: An algorithm for detection of gravitational waves from inspiraling compact binaries}",
  journal = {\prd},
   eprint = {gr-qc/0509116},
 keywords = {Measurement and error theory, Gravitational wave detectors and experiments},
     year = 2012,
    month = jun,
   volume = 85,
   number = 12,
      eid = {122006},
    pages = {122006},
      doi = {10.1103/PhysRevD.85.122006},
   adsurl = {http://adsabs.harvard.edu/abs/2012PhRvD..85l2006A},
  adsnote = {Provided by the SAO/NASA Astrophysics Data System}
}



%%%pycbc citation

@article{Canton:2014ena,
  author         = "Dal Canton, Tito and others",
  title          = "{Implementing a search for aligned-spin neutron
                    star-black hole systems with advanced ground based
                    gravitational wave detectors}",
  journal        = "Phys. Rev.",
  volume         = "D90",
  year           = "2014",
  number         = "8",
  pages          = "082004",
  doi            = "10.1103/PhysRevD.90.082004",
  eprint         = "1405.6731",
  archivePrefix  = "arXiv",
  primaryClass   = "gr-qc",
  reportNumber   = "LIGO-P1400053",
  SLACcitation   = "%%CITATION = ARXIV:1405.6731;%%"
}

@article{Usman:2015kfa,
  author         = "Usman, Samantha A. and others",
  title          = "{The PyCBC search for gravitational waves from compact
                    binary coalescence}",
  journal        = "Class. Quant. Grav.",
  volume         = "33",
  year           = "2016",
  number         = "21",
  pages          = "215004",
  doi            = "10.1088/0264-9381/33/21/215004",
  eprint         = "1508.02357",
  archivePrefix  = "arXiv",
  primaryClass   = "gr-qc",
  reportNumber   = "LIGO-P1500086",
  SLACcitation   = "%%CITATION = ARXIV:1508.02357;%%"
}

@article{Nitz:2017svb,
  author         = "Nitz, Alexander H. and Dent, Thomas and Dal Canton, Tito
                    and Fairhurst, Stephen and Brown, Duncan A.",
  title          = "{Detecting binary compact-object mergers with
                    gravitational waves: Understanding and Improving the
                    sensitivity of the PyCBC search}",
  journal        = "Astrophys. J.",
  volume         = "849",
  year           = "2017",
  number         = "2",
  pages          = "118",
  doi            = "10.3847/1538-4357/aa8f50",
  eprint         = "1705.01513",
  archivePrefix  = "arXiv",
  primaryClass   = "gr-qc",
  reportNumber   = "LIGO-P1700088-V4",
  SLACcitation   = "%%CITATION = ARXIV:1705.01513;%%"
}

%%%%

@article{GSTLAL1,
  author={Kipp Cannon and Romain Cariou and Adrian Chapman and Mireia Crispin-Ortuzar and Nickolas Fotopoulos and Melissa
Frei and Chad Hanna and Erin Kara and Drew Keppel and Laura Liao and Stephen Privitera and Antony Searle and Leo Singer and Alan
Weinstein},
  title={Toward Early-warning Detection of Gravitational Waves from Compact Binary Coalescence},
  journal={The Astrophysical Journal},
  volume={748},
  number={2},
  pages={136},
  url={http://stacks.iop.org/0004-637X/748/i=2/a=136},
  year={2012},
  abstract={Rapid detection of compact binary coalescence (CBC) with a network of advanced gravitational-wave detectors will offer a unique opportunity for multi-messenger astronomy. Prompt detection alerts for the astronomical community might make it possible to observe the onset of electromagnetic emission from CBC. We demonstrate a computationally practical filtering strategy that could produce early-warning triggers before gravitational radiation from the final merger has arrived at the detectors.}
}
	

@article{GSTLAL2,
  title = {Improving the sensitivity of a search for coalescing binary black holes with nonprecessing spins in gravitational wave data},
  author = {Privitera, Stephen and Mohapatra, Satyanarayan R. P. and Ajith, Parameswaran and Cannon, Kipp and Fotopoulos, Nickolas and Frei, Melissa A. and Hanna, Chad and Weinstein, Alan J. and Whelan, John T.},
  journal = {Phys. Rev. D},
  volume = {89},
  issue = {2},
  pages = {024003},
  numpages = {10},
  year = {2014},
  month = {Jan},
  publisher = {American Physical Society},
  doi = {10.1103/PhysRevD.89.024003},
  url = {https://link.aps.org/doi/10.1103/PhysRevD.89.024003}
}



%%%%%%


@ARTICLE{gw150914search,
   author = {{Abbott}, B.~P. and {Abbott}, R. and {Abbott}, T.~D. and {Abernathy}, M.~R. and 
	{Acernese}, F. and {Ackley}, K. and {Adams}, C. and {Adams}, T. and 
	{Addesso}, P. and {Adhikari}, R.~X. and et al.},
    title = "{GW150914: First results from the search for binary black hole coalescence with Advanced LIGO}",
  journal = {\prd},
archivePrefix = "arXiv",
   eprint = {1602.03839},
 primaryClass = "gr-qc",
     year = 2016,
    month = jun,
   volume = 93,
   number = 12,
      eid = {122003},
    pages = {122003},
      doi = {10.1103/PhysRevD.93.122003},
   adsurl = {http://adsabs.harvard.edu/abs/2016PhRvD..93l2003A},
  adsnote = {Provided by the SAO/NASA Astrophysics Data System}
}




@article{gw150914detection,
  title = {Observation of Gravitational Waves from a Binary Black Hole Merger},
  author         = "Abbott, B. P. and others",
  collaboration = {LIGO Scientific Collaboration and Virgo Collaboration},
  journal = {Phys. Rev. Lett.},
  volume = {116},
  issue = {6},
  pages = {061102},
  numpages = {16},
  year = {2016},
  month = {Feb},
  publisher = {American Physical Society},
  doi = {10.1103/PhysRevLett.116.061102},
  url = {https://link.aps.org/doi/10.1103/PhysRevLett.116.061102}
}

@ARTICLE{gw150914PE,
   author = {{Abbott}, B.~P. and {Abbott}, R. and {Abbott}, T.~D. and {Abernathy}, M.~R. and 
	{Acernese}, F. and {Ackley}, K. and {Adams}, C. and {Adams}, T. and 
	{Addesso}, P. and {Adhikari}, R.~X. and et al.},
    title = "{Properties of the Binary Black Hole Merger GW150914}",
  journal = {Physical Review Letters},
archivePrefix = "arXiv",
   eprint = {1602.03840},
 primaryClass = "gr-qc",
     year = 2016,
    month = jun,
   volume = 116,
   number = 24,
      eid = {241102},
    pages = {241102},
      doi = {10.1103/PhysRevLett.116.241102},
   adsurl = {http://adsabs.harvard.edu/abs/2016PhRvL.116x1102A},
  adsnote = {Provided by the SAO/NASA Astrophysics Data System}
}

@ARTICLE{gw150914PEseobnrv3,
   author = {{Abbott}, B.~P. and {Abbott}, R. and {Abbott}, T.~D. and {Abernathy}, M.~R. and 
	{Acernese}, F. and {Ackley}, K. and {Adams}, C. and {Adams}, T. and 
	{Addesso}, P. and {Adhikari}, R.~X. and et al.},
    title = "{Improved Analysis of GW150914 Using a Fully Spin-Precessing Waveform Model}",
  journal = {Physical Review X},
archivePrefix = "arXiv",
   eprint = {1606.01210},
 primaryClass = "gr-qc",
     year = 2016,
    month = oct,
   volume = 6,
   number = 4,
      eid = {041014},
    pages = {041014},
      doi = {10.1103/PhysRevX.6.041014},
   adsurl = {http://adsabs.harvard.edu/abs/2016PhRvX...6d1014A},
  adsnote = {Provided by the SAO/NASA Astrophysics Data System}
}



@article{detectionStat1,
  title = {Search for gravitational waves from low mass compact binary coalescence in LIGO's sixth science run and Virgo's science runs 2 and 3},
  author         = "Abbott, B. P. and others",
  collaboration = {LIGO Scientific Collaboration and Virgo Collaboration},
  journal = {Phys. Rev. D},
  volume = {85},
  issue = {8},
  pages = {082002},
  numpages = {12},
  year = {2012},
  month = {Apr},
  publisher = {American Physical Society},
  doi = {10.1103/PhysRevD.85.082002},
  url = {https://link.aps.org/doi/10.1103/PhysRevD.85.082002}
}


########### for ringdown
@article{ChandrasBookOnSchwarschildPert,
 ISSN = {00804630},
 URL = {http://www.jstor.org/stable/78870},
 abstract = {A coherent self-contained account of the equations governing the perturbations of the Schwarzschild black hole is given. In particular, the relations between the equations of Bardeen & Press, of Zerilli and of Regge & Wheeler are explicitly established.},
 author = {S. Chandrasekhar},
 journal = {Proceedings of the Royal Society of London. Series A, Mathematical and Physical Sciences},
 number = {1634},
 pages = {289--298},
 publisher = {The Royal Society},
 title = {On the Equations Governing the Perturbations of the Schwarzschild Black Hole},
 volume = {343},
 year = {1975}
}


########## for introduction
@Article{ReviewAlternativeTheories1,
author="Will, Clifford M.",
title="The Confrontation between General Relativity and Experiment",
journal="Living Reviews in Relativity",
year="2014",
month="Jun",
day="11",
volume="17",
number="1",
pages="4",
abstract="The status of experimental tests of general relativity and of theoretical frameworks for analyzing them is reviewed and updated. Einstein's equivalence principle (EEP) is well supported by experiments such as the E{\"o}tv{\"o}s experiment, tests of local Lorentz invariance and clock experiments. Ongoing tests of EEP and of the inverse square law are searching for new interactions arising from unification or quantum gravity. Tests of general relativity at the post-Newtonian level have reached high precision, including the light deflection, the Shapiro time delay, the perihelion advance of Mercury, the Nordtvedt effect in lunar motion, and frame-dragging. Gravitational wave damping has been detected in an amount that agrees with general relativity to better than half a percent using the Hulse-Taylor binary pulsar, and a growing family of other binary pulsar systems is yielding new tests, especially of strong-field effects. Current and future tests of relativity will center on strong gravity and gravitational waves.",
issn="1433-8351",
doi="10.12942/lrr-2014-4",
url="https://doi.org/10.12942/lrr-2014-4"
}

@ARTICLE{ReviewAlternativeTheories2,
   author = {{Yunes}, N. and {Siemens}, X.},
    title = "{Gravitational-Wave Tests of General Relativity with Ground-Based Detectors and Pulsar-Timing Arrays}",
  journal = {Living Reviews in Relativity},
archivePrefix = "arXiv",
   eprint = {1304.3473},
 primaryClass = "gr-qc",
 keywords = {General Relativity and Quantum Cosmology, Alternative theories, Compact binaries, Experimental tests, Pulsar timing, General relativity, Gravitational waves, Observational tests},
     year = 2013,
    month = nov,
   volume = 16,
      eid = {9},
    pages = {9},
      doi = {10.12942/lrr-2013-9},
   adsurl = {http://adsabs.harvard.edu/abs/2013LRR....16....9Y},
  adsnote = {Provided by the SAO/NASA Astrophysics Data System}
}

@BOOK{CliffWills_book,
   author = {{Will}, C.~M.},
    title = "{Theory and Experiment in Gravitational Physics}",
booktitle = {Theory and Experiment in Gravitational Physics, by Clifford M.~Will, pp.~396.~ISBN 0521439736.~Cambridge, UK: Cambridge University Press, March 1993.},
     year = 1993,
    month = mar,
    pages = {396},
   adsurl = {http://adsabs.harvard.edu/abs/1993tegp.book.....W},
  adsnote = {Provided by the SAO/NASA Astrophysics Data System}
}


@article{PhysRevD.65.044001,
  title = {The Lazarus project: A pragmatic approach to binary black hole evolutions},
  author = {Baker, John and Campanelli, Manuela and Lousto, Carlos O.},
  journal = {Phys. Rev. D},
  volume = {65},
  issue = {4},
  pages = {044001},
  numpages = {16},
  year = {2002},
  month = {Jan},
  publisher = {American Physical Society},
  doi = {10.1103/PhysRevD.65.044001},
  url = {https://link.aps.org/doi/10.1103/PhysRevD.65.044001}
}


@article{PhysRevD.58.084019,
  title = {Imposition of Cauchy data to the Teukolsky equation. III. The rotating case},
  author = {Campanelli, Manuela and Lousto, Carlos O. and Baker, John and Khanna, Gaurav and Pullin, Jorge},
  journal = {Phys. Rev. D},
  volume = {58},
  issue = {8},
  pages = {084019},
  numpages = {5},
  year = {1998},
  month = {Sep},
  publisher = {American Physical Society},
  doi = {10.1103/PhysRevD.58.084019},
  url = {https://link.aps.org/doi/10.1103/PhysRevD.58.084019}
}

@article{HilberHuang,
  title = {Estimation of starting times of quasinormal modes in ringdown gravitational waves with the Hilbert-Huang transform},
  author = {Sakai, Kazuki and Oohara, Ken-ichi and Nakano, Hiroyuki and Kaneyama, Masato and Takahashi, Hirotaka},
  journal = {Phys. Rev. D},
  volume = {96},
  issue = {4},
  pages = {044047},
  numpages = {11},
  year = {2017},
  month = {Aug},
  publisher = {American Physical Society},
  doi = {10.1103/PhysRevD.96.044047},
  url = {https://link.aps.org/doi/10.1103/PhysRevD.96.044047}
}

@article{newnoise,
      author         = "Aasi, J. and others",
      title          = "{Advanced LIGO}",
      collaboration  = "LIGO Scientific",
      journal        = "Class. Quant. Grav.",
      volume         = "32",
      year           = "2015",
      pages          = "074001",
      doi            = "10.1088/0264-9381/32/7/074001",
      eprint         = "1411.4547",
      archivePrefix  = "arXiv",
      primaryClass   = "gr-qc",
      SLACcitation   = "%%CITATION = ARXIV:1411.4547;%%"
}

@article{PhysRevLett.119.141101,
  title = {GW170814: A Three-Detector Observation of Gravitational Waves from a Binary Black Hole Coalescence},

  author = "Abbott, B. P. and others",
  collaboration = {LIGO Scientific Collaboration and Virgo Collaboration},
  journal = {Phys. Rev. Lett.},
  volume = {119},
  issue = {14},
  pages = {141101},
  numpages = {16},
  year = {2017},
  month = {Oct},
  publisher = {American Physical Society},
  doi = {10.1103/PhysRevLett.119.141101},
  url = {https://link.aps.org/doi/10.1103/PhysRevLett.119.141101}
}
@article{TheLIGOScientific:2016pea,
      author         = "Abbott, B. P. and others",
      title          = "{Binary Black Hole Mergers in the first Advanced LIGO
                        Observing Run}",
      collaboration  = "Virgo, LIGO Scientific",
      journal        = "Phys. Rev.",
      volume         = "X6",
      year           = "2016",
      number         = "4",
      pages          = "041015",
      doi            = "10.1103/PhysRevX.6.041015",
      eprint         = "1606.04856",
      archivePrefix  = "arXiv",
      primaryClass   = "gr-qc",
      reportNumber   = "LIGO-P1600088",
      SLACcitation   = "%%CITATION = ARXIV:1606.04856;%%"
}
@article{bertiparam,
      author         = "Berti, Emanuele and Cardoso, Jaime and Cardoso, Vitor and
                        Cavaglia, Marco",
      title          = "{Matched-filtering and parameter estimation of ringdown
                        waveforms}",
      journal        = "Phys. Rev.",
      volume         = "D76",
      year           = "2007",
      pages          = "104044",
      doi            = "10.1103/PhysRevD.76.104044",
      eprint         = "0707.1202",
      archivePrefix  = "arXiv",
      primaryClass   = "gr-qc",
      SLACcitation   = "%%CITATION = ARXIV:0707.1202;%%"
}
@article{kaluzaklein,
  title = {Kerr-Taub-NUT spacetime with Maxwell and dilaton fields},
  author = {Aliev, Alikram N. and Cebeci, Hakan and Dereli, Tekin},
  journal = {Phys. Rev. D},
  volume = {77},
  issue = {12},
  pages = {124022},
  numpages = {6},
  year = {2008},
  month = {Jun},
  publisher = {American Physical Society},
  doi = {10.1103/PhysRevD.77.124022},
  url = {https://link.aps.org/doi/10.1103/PhysRevD.77.124022}
}

@article{Baibhav:2017jhs,
      author         = "Baibhav, Vishal and Berti, Emanuele and Cardoso, Vitor
                        and Khanna, Gaurav",
      title          = "{Black Hole Spectroscopy: Systematic Errors and Ringdown
                        Energy Estimates}",
      year           = "2017",
      eprint         = "1710.02156",
      archivePrefix  = "arXiv",
      primaryClass   = "gr-qc",
      SLACcitation   = "%%CITATION = ARXIV:1710.02156;%%"
}

@misc{spec,
  title = {Spectral Einstein Code},
  howpublished = {\url{https://www.black-holes.org/code/SpEC.html}}
}
@book{wald,
  title={General Relativity},
  author={Wald, R.M.},
  isbn={9780226870328},
  lccn={83017969},
  url={https://books.google.com/books?id=ibSdQgAACAAJ},
  year={1984},
  publisher={University of Chicago Press}
}

@article{overlap,
  title = {Search templates for gravitational waves from precessing, inspiraling binaries},
  author = {Apostolatos, Theocharis A.},
  journal = {Phys. Rev. D},
  volume = {52},
  issue = {2},
  pages = {605--620},
  numpages = {0},
  year = {1995},
  month = {Jul},
  publisher = {American Physical Society},
  doi = {10.1103/PhysRevD.52.605},
  url = {https://link.aps.org/doi/10.1103/PhysRevD.52.605}
}


@article{BMS,
  title = {Asymptotic Symmetries in Gravitational Theory},
  author = {Sachs, R.},
  journal = {Phys. Rev.},
  volume = {128},
  issue = {6},
  pages = {2851--2864},
  numpages = {0},
  year = {1962},
  month = {Dec},
  publisher = {American Physical Society},
  doi = {10.1103/PhysRev.128.2851},
  url = {https://link.aps.org/doi/10.1103/PhysRev.128.2851}
}

@article{ligopsd,
	author= "Abbott, B. P. and others",  
	title={LIGO: the Laser Interferometer Gravitational-Wave Observatory},
  journal={Reports on Progress in Physics},
  volume={72},
  number={7},
  pages={076901},
  url={http://stacks.iop.org/0034-4885/72/i=7/a=076901},
  year={2009},
  abstract={The goal of the Laser Interferometric Gravitational-Wave Observatory (LIGO) is to detect and study gravitational waves (GWs) of astrophysical origin. Direct detection of GWs holds the promise of testing general relativity in the strong-field regime, of providing a new probe of exotic objects such as black holes and neutron stars and of uncovering unanticipated new astrophysics. LIGO, a joint Caltech–MIT project supported by the National Science Foundation, operates three multi-kilometer interferometers at two widely separated sites in the United States. These detectors are the result of decades of worldwide technology development, design, construction and commissioning. They are now operating at their design sensitivity, and are sensitive to gravitational wave strains smaller than one part in 10 21 . With this unprecedented sensitivity, the data are being analyzed to detect or place limits on GWs from a variety of potential astrophysical sources.}
}
	


@article{Kevin,
      author         = "Barkett, Kevin and Scheel, Mark",
      note           = "Forthcoming",
      year           = "2017",
}

@article{RZW,
  author={Oliver Rinne and Luisa T Buchman and Mark A Scheel and Harald P Pfeiffer},
  title={Implementation of higher-order absorbing boundary conditions for the Einstein equations},
  journal={Classical and Quantum Gravity},
  volume={26},
  number={7},
  pages={075009},
  url={http://stacks.iop.org/0264-9381/26/i=7/a=075009},
  year={2009},
  abstract={We present an implementation of absorbing boundary conditions for the Einstein equations based on the recent work of Buchman and Sarbach. In this paper, we assume that spacetime may be linearized about Minkowski space close to the outer boundary, which is taken to be a coordinate sphere. We reformulate the boundary conditions as conditions on the gauge-invariant Regge–Wheeler–Zerilli scalars. Higher-order radial derivatives are eliminated by rewriting the boundary conditions as a system of ODEs for a set of auxiliary variables intrinsic to the boundary. From these we construct boundary data for a set of well-posed constraint-preserving boundary conditions for the Einstein equations in a first-order generalized harmonic formulation. This construction has direct applications to outer boundary conditions in simulations of isolated systems (e.g., binary black holes) as well as to the problem of Cauchy-perturbative matching. As a test problem for our numerical implementation, we consider linearized multipolar gravitational waves in TT gauge, with angular momentum numbers ℓ = 2 (Teukolsky waves), 3 and 4. We demonstrate that the perfectly absorbing boundary condition ##IMG## [http://ej.iop.org/images/0264-9381/26/7/075009/cqg300851ieqn1.gif] {\Hobc{L}} of order L = ℓ yields no spurious reflections to linear order in perturbation theory. This is in contrast to the lower-order absorbing boundary conditions ##IMG## [http://ej.iop.org/images/0264-9381/26/7/075009/cqg300851ieqn2.gif] {\Hobc{L}} with L < ℓ, which include the widely used freezing-Ψ 0 boundary condition that imposes the vanishing of the Newman–Penrose scalar Ψ 0 .}
}
	

@article{Handmer:2015dsa,
      author         = "Handmer, Casey J. and Szil\'agyi, Béla and Winicour,
                        Jeffrey",
      title          = "{Gauge Invariant Spectral Cauchy Characteristic
                        Extraction}",
      journal        = "Class. Quant. Grav.",
      volume         = "32",
      year           = "2015",
      number         = "23",
      pages          = "235018",
      doi            = "10.1088/0264-9381/32/23/235018",
      eprint         = "1502.06987",
      archivePrefix  = "arXiv",
      primaryClass   = "gr-qc",
      SLACcitation   = "%%CITATION = ARXIV:1502.06987;%%"
}
@article{Handmer:2014qha,
      author         = "Handmer, Casey J. and Szil\'agyi, B.",
      title          = "{Spectral Characteristic Evolution: A New Algorithm for
                        Gravitational Wave Propagation}",
      journal        = "Class. Quant. Grav.",
      volume         = "32",
      year           = "2015",
      number         = "2",
      pages          = "025008",
      doi            = "10.1088/0264-9381/32/2/025008",
      eprint         = "1406.7029",
      archivePrefix  = "arXiv",
      primaryClass   = "gr-qc",
      SLACcitation   = "%%CITATION = ARXIV:1406.7029;%%"
}


@ARTICLE{VitorsECO,
   author = {{Cardoso}, V. and {Franzin}, E. and {Pani}, P.},
    title = "{Is the Gravitational-Wave Ringdown a Probe of the Event Horizon?}",
  journal = {Physical Review Letters},
archivePrefix = "arXiv",
   eprint = {1602.07309},
 primaryClass = "gr-qc",
     year = 2016,
    month = apr,
   volume = 116,
   number = 17,
      eid = {171101},
    pages = {171101},
      doi = {10.1103/PhysRevLett.116.171101},
   adsurl = {http://adsabs.harvard.edu/abs/2016PhRvL.116q1101C},
  adsnote = {Provided by the SAO/NASA Astrophysics Data System}
}


@article{Ruiz:2007yx,
      author         = "Ruiz, Milton and Takahashi, Ryoji and Alcubierre, Miguel
                        and Nunez, Dario",
      title          = "{Multipole expansions for energy and momenta carried by
                        gravitational waves}",
      journal        = "Gen. Rel. Grav.",
      volume         = "40",
      year           = "2008",
      pages          = "2467",
      doi            = "10.1007/s10714-007-0570-8, 10.1007/s10714-008-0684-7",
      eprint         = "0707.4654",
      archivePrefix  = "arXiv",
      primaryClass   = "gr-qc",
      SLACcitation   = "%%CITATION = ARXIV:0707.4654;%%"
}

@ARTICLE{QNMnonorthogonal, 
author={D. W. Tufts and R. Kumaresan}, 
journal={Proceedings of the IEEE}, 
title={Estimation of frequencies of multiple sinusoids: Making linear prediction perform like maximum likelihood}, 
year={1982}, 
volume={70}, 
number={9}, 
pages={975-989}, 
keywords={Apertures;Data mining;Eigenvalues and eigenfunctions;Filters;Frequency estimation;Gaussian noise;Least squares approximation;Matrix decomposition;Maximum likelihood estimation;Signal to noise ratio}, 
doi={10.1109/PROC.1982.12428}, 
ISSN={0018-9219}, 
month={Sept},}

@article{QNMincomplete,
  title = {About the significance of quasinormal modes of black holes},
  author = {Nollert, Hans-Peter},
  journal = {Phys. Rev. D},
  volume = {53},
  issue = {8},
  pages = {4397--4402},
  numpages = {0},
  year = {1996},
  month = {Apr},
  publisher = {American Physical Society},
  doi = {10.1103/PhysRevD.53.4397},
  url = {https://link.aps.org/doi/10.1103/PhysRevD.53.4397}
}

@article{Bondi,
 ISSN = {00804630},
 URL = {http://www.jstor.org/stable/2414436},
 abstract = {This paper is divided into four parts. In part A, some general considerations about gravitational radiation are followed by a treatment of the scalar wave equation in the manner later to be applied to Einstein's field equations. In part B, a co-ordinate system is specified which is suitable for investigation of outgoing gravitational waves from an isolated axi-symmetric reflexion-symmetric system. The metric is expanded in negative powers of a suitably defined radial co-ordinate r, and the vacuum field equations are investigated in detail. It is shown that the flow of information to infinity is controlled by a single function of two variables called the news function. Together with initial conditions specified on a light cone, this function fully defines the behaviour of the system. No constraints of any kind are encountered. In part C, the transformations leaving the metric in the chosen form are determined. An investigation of the corresponding transformations in Minkowski space suggests that no generality is lost by assuming that the transformations, like the metric, may be expanded in negative powers of r. In part D, the mass of the system is defined in a way which in static metrics agrees with the usual definition. The principal result of the paper is then deduced, namely, that the mass of a system is constant if and only if there is no news; if there is news, the mass decreases monotonically so long as it continues. The linear approximation is next discussed, chiefly for its heuristic value, and employed in the analysis of a receiver for gravitational waves. Sandwich waves are constructed, and certain non-radiative but non-static solutions are discussed. This part concludes with a tentative classification of time-dependent solutions of the types considered.},
 author = {H. Bondi and M. G. J. van der Burg and A. W. K. Metzner},
 journal = {Proceedings of the Royal Society of London. Series A, Mathematical and Physical Sciences},
 number = {1336},
 pages = {21-52},
 publisher = {The Royal Society},
 title = {Gravitational Waves in General Relativity. VII. Waves from Axi-Symmetric Isolated Systems},
 volume = {269},
 year = {1962}
}




@ARTICLE{Thrane,
   author = {{Thrane}, E. and {Lasky}, P. and {Levin}, Y.},
    title = "{Challenges testing the no-hair theorem with gravitational waves}",
  journal = {ArXiv e-prints},
archivePrefix = "arXiv",
   eprint = {1706.05152},
 primaryClass = "gr-qc",
 keywords = {General Relativity and Quantum Cosmology, Astrophysics - High Energy Astrophysical Phenomena, Astrophysics - Instrumentation and Methods for Astrophysics},
     year = 2017,
    month = jun,
   adsurl = {http://adsabs.harvard.edu/abs/2017arXiv170605152T},
  adsnote = {Provided by the SAO/NASA Astrophysics Data System}
}


@article{Ionescu:2014cta,
      author         = "Ionescu, A. D. and Klainerman, S.",
      title          = "{On the global stability of the wave-map equation in Kerr
                        spaces with small angular momentum}",
      year           = "2014",
      eprint         = "1412.5679",
      archivePrefix  = "arXiv",
      primaryClass   = "math.AP",
      SLACcitation   = "%%CITATION = ARXIV:1412.5679;%%"
}
@misc{SXS:catalog,
  howpublished = "\url{http://www.black-holes.org/waveforms}",
}
@article{Vishveshwara:1970zz,
      author         = "Vishveshwara, C. V.",
      title          = "{Scattering of Gravitational Radiation by a Schwarzschild
                        Black-hole}",
      journal        = "Nature",
      volume         = "227",
      year           = "1970",
      pages          = "936-938",
      doi            = "10.1038/227936a0",
      SLACcitation   = "%%CITATION = NATUA,227,936;%%"
}

@ARTICLE{Teukolsky1,
   author = {{Teukolsky}, S.~A.},
    title = "{Perturbations of a Rotating Black Hole. I. Fundamental Equations for Gravitational, Electromagnetic, and Neutrino-Field Perturbations}",
  journal = {\apj},
     year = 1973,
    month = oct,
   volume = 185,
    pages = {635-648},
      doi = {10.1086/152444},
   adsurl = {http://adsabs.harvard.edu/abs/1973ApJ...185..635T},
  adsnote = {Provided by the SAO/NASA Astrophysics Data System}
}


@ARTICLE{Teukolsky2,
   author = {{Press}, W.~H. and {Teukolsky}, S.~A.},
    title = "{Perturbations of a Rotating Black Hole. II. Dynamical Stability of the Kerr Metric}",
  journal = {\apj},
     year = 1973,
    month = oct,
   volume = 185,
    pages = {649-674},
      doi = {10.1086/152445},
   adsurl = {http://adsabs.harvard.edu/abs/1973ApJ...185..649P},
  adsnote = {Provided by the SAO/NASA Astrophysics Data System}
}

@ARTICLE{Teukolsky3,
   author = {{Teukolsky}, S.~A. and {Press}, W.~H.},
    title = "{Perturbations of a rotating black hole. III - Interaction of the hole with gravitational and electromagnetic radiation}",
  journal = {\apj},
 keywords = {Black Holes (Astronomy), Electromagnetic Interactions, Gravitational Waves, Perturbation Theory, Stellar Rotation, Angular Momentum, Asymptotic Methods, Boundary Value Problems, Conservation Laws, Eigenvalues, Electromagnetic Scattering, Energy Transfer, Tables (Data)},
     year = 1974,
    month = oct,
   volume = 193,
    pages = {443-461},
      doi = {10.1086/153180},
   adsurl = {http://adsabs.harvard.edu/abs/1974ApJ...193..443T},
  adsnote = {Provided by the SAO/NASA Astrophysics Data System}
}



@article{Berti:2015itd,
      author         = "Berti, Emanuele and others",
      title          = "{Testing General Relativity with Present and Future
                        Astrophysical Observations}",
      journal        = "Class. Quant. Grav.",
      volume         = "32",
      year           = "2015",
      pages          = "243001",
      doi            = "10.1088/0264-9381/32/24/243001",
      eprint         = "1501.07274",
      archivePrefix  = "arXiv",
      primaryClass   = "gr-qc",
      SLACcitation   = "%%CITATION = ARXIV:1501.07274;%%"
}
@book{misner1973gravitation,
  title={Gravitation},
  author={Misner, C.W. and Thorne, K.S. and Wheeler, J.A.},
  number={pt. 3},
  isbn={9780716703440},
  lccn={78156043},
  series={Gravitation},
  url={https://books.google.com/books?id=w4Gigq3tY1kC},
  year={1973},
  publisher={W. H. Freeman}
}
@article{Bohn:2016afc,
      author         = "Bohn, Andy and Kidder, Lawrence E. and Teukolsky, Saul
                        A.",
      title          = "{Parallel adaptive event horizon finder for numerical
                        relativity}",
      journal        = "Phys. Rev.",
      volume         = "D94",
      year           = "2016",
      number         = "6",
      pages          = "064008",
      doi            = "10.1103/PhysRevD.94.064008",
      eprint         = "1606.00437",
      archivePrefix  = "arXiv",
      primaryClass   = "gr-qc",
      SLACcitation   = "%%CITATION = ARXIV:1606.00437;%%"
}
@article{Bohn:2014xxa,
      author         = "Bohn, Andy and Throwe, William and H\'ebert, Fran and
                        Henriksson, Katherine and Bunandar, Darius and Scheel,
                        Mark A. and Taylor, Nicholas W.",
      title          = "{What does a binary black hole merger look like?}",
      journal        = "Class. Quant. Grav.",
      volume         = "32",
      year           = "2015",
      number         = "6",
      pages          = "065002",
      doi            = "10.1088/0264-9381/32/6/065002",
      eprint         = "1410.7775",
      archivePrefix  = "arXiv",
      primaryClass   = "gr-qc",
      SLACcitation   = "%%CITATION = ARXIV:1410.7775;%%"
}

@article{Araneda:2015gsa,
      author         = "Araneda, Bernardo and Dotti, Gustavo",
      title          = "{Petrov type of linearly perturbed type D spacetimes}",
      journal        = "Class. Quant. Grav.",
      volume         = "32",
      year           = "2015",
      number         = "19",
      pages          = "195013",
      doi            = "10.1088/0264-9381/32/19/195013",
      eprint         = "1502.07153",
      archivePrefix  = "arXiv",
      primaryClass   = "gr-qc",
      SLACcitation   = "%%CITATION = ARXIV:1502.07153;%%"
}

@article{Owen:2010vw,
      author         = "Owen, Robert",
      title          = "{Degeneracy measures for the algebraic classification of
                        numerical spacetimes}",
      journal        = "Phys. Rev.",
      volume         = "D81",
      year           = "2010",
      pages          = "124042",
      doi            = "10.1103/PhysRevD.81.124042",
      eprint         = "1004.3768",
      archivePrefix  = "arXiv",
      primaryClass   = "gr-qc",
      SLACcitation   = "%%CITATION = ARXIV:1004.3768;%%"
}

%%% Perturbation generation papers

@article{East:2013mfa,
      author         = "East, William E. and Ramazanoğlu, Fethi M. and
                        Pretorius, Frans",
      title          = "{Black Hole Superradiance in Dynamical Spacetime}",
      journal        = "Phys. Rev.",
      volume         = "D89",
      year           = "2014",
      number         = "6",
      pages          = "061503",
      doi            = "10.1103/PhysRevD.89.061503",
      eprint         = "1312.4529",
      archivePrefix  = "arXiv",
      primaryClass   = "gr-qc",
      SLACcitation   = "%%CITATION = ARXIV:1312.4529;%%"
}
@article{Teukolsky:2014vca,
      author         = "Teukolsky, Saul A.",
      title          = "{The Kerr Metric}",
      journal        = "Class. Quant. Grav.",
      volume         = "32",
      year           = "2015",
      number         = "12",
      pages          = "124006",
      doi            = "10.1088/0264-9381/32/12/124006",
      eprint         = "1410.2130",
      archivePrefix  = "arXiv",
      primaryClass   = "gr-qc",
      SLACcitation   = "%%CITATION = ARXIV:1410.2130;%%"
}
@ARTICLE{1985RSPSA.402..285L,
   author = {{Leaver}, E.~W.},
    title = "{An analytic representation for the quasi-normal modes of Kerr black holes}",
  journal = {Proceedings of the Royal Society of London Series A},
 keywords = {Black Holes (Astronomy), Boundary Value Problems, Schwarzschild Metric, Recursive Functions, Vibration Damping, Vibration Mode},
     year = 1985,
    month = dec,
   volume = 402,
    pages = {285-298},
      doi = {10.1098/rspa.1985.0119},
   adsurl = {http://adsabs.harvard.edu/abs/1985RSPSA.402..285L},
  adsnote = {Provided by the SAO/NASA Astrophysics Data System}
}
@article{Ori:2002uv,
      author         = "Ori, Amos",
      title          = "{Reconstruction of inhomogeneous metric perturbations and
                        electromagnetic four potential in Kerr space-time}",
      journal        = "Phys. Rev.",
      volume         = "D67",
      year           = "2003",
      pages          = "124010",
      doi            = "10.1103/PhysRevD.67.124010",
      eprint         = "gr-qc/0207045",
      archivePrefix  = "arXiv",
      primaryClass   = "gr-qc",
      SLACcitation   = "%%CITATION = GR-QC/0207045;%%"
}
@article{Lousto:2002em,
      author         = "Lousto, Carlos O. and Whiting, Bernard F.",
      title          = "{Reconstruction of black hole metric perturbations from
                        Weyl curvature}",
      journal        = "Phys. Rev.",
      volume         = "D66",
      year           = "2002",
      pages          = "024026",
      doi            = "10.1103/PhysRevD.66.024026",
      eprint         = "gr-qc/0203061",
      archivePrefix  = "arXiv",
      primaryClass   = "gr-qc",
      reportNumber   = "UTBRG-2001-03",
      SLACcitation   = "%%CITATION = GR-QC/0203061;%%"
}
@article{Yang:2014tla,
      author         = "Yang, Huan and Zimmerman, Aaron and Lehner, Luis",
      title          = "{Turbulent Black Holes}",
      journal        = "Phys. Rev. Lett.",
      volume         = "114",
      year           = "2015",
      pages          = "081101",
      doi            = "10.1103/PhysRevLett.114.081101",
      eprint         = "1402.4859",
      archivePrefix  = "arXiv",
      primaryClass   = "gr-qc",
      SLACcitation   = "%%CITATION = ARXIV:1402.4859;%%"
}



%%%%

@book{Press:2007:NRE:1403886,
 author = {Press, William H. and Teukolsky, Saul A. and Vetterling, William T. and Flannery, Brian P.},
 title = {Numerical Recipes 3rd Edition: The Art of Scientific Computing},
 year = {2007},
 isbn = {0521880688, 9780521880688},
 edition = {3},
 publisher = {Cambridge University Press},
 address = {New York, NY, USA},
} 


@Article{Winicour2005,
author="Winicour, Jeffrey",
title="Characteristic Evolution and Matching",
journal="Living Reviews in Relativity",
year="2005",
month="Dec",
day="08",
volume="8",
number="1",
pages="10",
abstract="I review the development of numerical evolution codes for general relativity based upon the characteristic initial value problem. Progress is traced from the early stage of 1D feasibility studies to 2D axisymmetric codes that accurately simulate the oscillations and gravitational collapse of relativistic stars and to current 3D codes that provide pieces of a binary black hole spacetime. A prime application of characteristic evolution is to compute waveforms via Cauchy-characteristic matching, which is also reviewed.",
issn="1433-8351",
doi="10.12942/lrr-2005-10",
url="https://doi.org/10.12942/lrr-2005-10"
}

@article{PhysRevD.80.124045,
  title = {Extrapolating gravitational-wave data from numerical simulations},
  author = {Boyle, Michael and Mrou\'e, Abdul H.},
  journal = {Phys. Rev. D},
  volume = {80},
  issue = {12},
  pages = {124045},
  numpages = {14},
  year = {2009},
  month = {Dec},
  publisher = {American Physical Society},
  doi = {10.1103/PhysRevD.80.124045},
  url = {https://link.aps.org/doi/10.1103/PhysRevD.80.124045}
}


@article{Taylor:2013zia,
      author         = "Taylor, Nicholas W. and Boyle, Michael and Reisswig,
                        Christian and Scheel, Mark A. and Chu, Tony and Kidder,
                        Lawrence E. and Szil\'agyi, Béla",
      title          = "{Comparing Gravitational Waveform Extrapolation to
                        Cauchy-Characteristic Extraction in Binary Black Hole
                        Simulations}",
      journal        = "Phys. Rev.",
      volume         = "D88",
      year           = "2013",
      number         = "12",
      pages          = "124010",
      doi            = "10.1103/PhysRevD.88.124010",
      eprint         = "1309.3605",
      archivePrefix  = "arXiv",
      primaryClass   = "gr-qc",
      SLACcitation   = "%%CITATION = ARXIV:1309.3605;%%"
}

@article{PhysRev.164.1776,
  title = {Event Horizons in Static Vacuum Space-Times},
  author = {Israel, Werner},
  journal = {Phys. Rev.},
  volume = {164},
  issue = {5},
  pages = {1776--1779},
  numpages = {0},
  year = {1967},
  month = {Dec},
  publisher = {American Physical Society},
  doi = {10.1103/PhysRev.164.1776},
  url = {https://link.aps.org/doi/10.1103/PhysRev.164.1776}
}
 
@article{PhysRevLett.26.331,
  title = {Axisymmetric Black Hole Has Only Two Degrees of Freedom},
  author = {Carter, B.},
  journal = {Phys. Rev. Lett.},
  volume = {26},
  issue = {6},
  pages = {331--333},
  numpages = {0},
  year = {1971},
  month = {Feb},
  publisher = {American Physical Society},
  doi = {10.1103/PhysRevLett.26.331},
  url = {https://link.aps.org/doi/10.1103/PhysRevLett.26.331}
}

@article{Yunes:2016jcc,
      author         = "Yunes, Nicolas and Yagi, Kent and Pretorius, Frans",
      title          = "{Theoretical Physics Implications of the Binary
                        Black-Hole Mergers GW150914 and GW151226}",
      journal        = "Phys. Rev.",
      volume         = "D94",
      year           = "2016",
      number         = "8",
      pages          = "084002",
      doi            = "10.1103/PhysRevD.94.084002",
      eprint         = "1603.08955",
      archivePrefix  = "arXiv",
      primaryClass   = "gr-qc",
      SLACcitation   = "%%CITATION = ARXIV:1603.08955;%%"
}


@article{Abbott:2017vtc,
      author         = "Abbott, Benjamin P. and others",
      title          = "{GW170104: Observation of a 50-Solar-Mass Binary Black
                        Hole Coalescence at Redshift 0.2}",
      collaboration  = "VIRGO, LIGO Scientific",
      journal        = "Phys. Rev. Lett.",
      volume         = "118",
      year           = "2017",
      number         = "22",
      pages          = "221101",
      doi            = "10.1103/PhysRevLett.118.221101",
      eprint         = "1706.01812",
      archivePrefix  = "arXiv",
      primaryClass   = "gr-qc",
      reportNumber   = "LIGO-P170104",
      SLACcitation   = "%%CITATION = ARXIV:1706.01812;%%"
}

@article{Abbott:2016nmj,
      author         = "Abbott, B. P. and others",
      title          = "{GW151226: Observation of Gravitational Waves from a
                        22-Solar-Mass Binary Black Hole Coalescence}",
      collaboration  = "Virgo, LIGO Scientific",
      journal        = "Phys. Rev. Lett.",
      volume         = "116",
      year           = "2016",
      number         = "24",
      pages          = "241103",
      doi            = "10.1103/PhysRevLett.116.241103",
      eprint         = "1606.04855",
      archivePrefix  = "arXiv",
      primaryClass   = "gr-qc",
      reportNumber   = "LIGO-P151226",
      SLACcitation   = "%%CITATION = ARXIV:1606.04855;%%"
}

@article{Abbott:2016blz,
      author         = "Abbott, B. P. and others",
      title          = "{Observation of Gravitational Waves from a Binary Black
                        Hole Merger}",
      collaboration  = "Virgo, LIGO Scientific",
      journal        = "Phys. Rev. Lett.",
      volume         = "116",
      year           = "2016",
      number         = "6",
      pages          = "061102",
      doi            = "10.1103/PhysRevLett.116.061102",
      eprint         = "1602.03837",
      archivePrefix  = "arXiv",
      primaryClass   = "gr-qc",
      reportNumber   = "LIGO-P150914",
      SLACcitation   = "%%CITATION = ARXIV:1602.03837;%%"
}


@ARTICLE{PriceAndPlunge,
   author = {{Price}, R.~H. and {Nampalliwar}, S. and {Khanna}, G.},
    title = "{Black hole binary inspiral: Analysis of the plunge}",
  journal = {\prd},
archivePrefix = "arXiv",
   eprint = {1508.04797},
 primaryClass = "gr-qc",
     year = 2016,
    month = feb,
   volume = 93,
   number = 4,
      eid = {044060},
    pages = {044060},
      doi = {10.1103/PhysRevD.93.044060},
   adsurl = {http://adsabs.harvard.edu/abs/2016PhRvD..93d4060P},
  adsnote = {Provided by the SAO/NASA Astrophysics Data System}
}

@ARTICLE{PriceAndPlunge2,
   author = {{Khanna}, G. and {Price}, R.~H.},
    title = "{Black hole ringing, quasinormal modes, and light rings}",
  journal = {\prd},
archivePrefix = "arXiv",
   eprint = {1609.00083},
 primaryClass = "gr-qc",
     year = 2017,
    month = apr,
   volume = 95,
   number = 8,
      eid = {081501},
    pages = {081501},
      doi = {10.1103/PhysRevD.95.081501},
   adsurl = {http://adsabs.harvard.edu/abs/2017PhRvD..95h1501K},
  adsnote = {Provided by the SAO/NASA Astrophysics Data System}
}




@article{Moncrief:1974am,
      author         = "Moncrief, V.",
      title          = "{Gravitational perturbations of spherically symmetric
                        systems. I. The exterior problem.}",
      journal        = "Annals Phys.",
      volume         = "88",
      year           = "1974",
      pages          = "323-342",
      doi            = "10.1016/0003-4916(74)90173-0",
      SLACcitation   = "%%CITATION = APNYA,88,323;%%"
}
@article{PhysRevD.2.2141,
  title = {Gravitational Field of a Particle Falling in a Schwarzschild Geometry Analyzed in Tensor Harmonics},
  author = {Zerilli, Frank J.},
  journal = {Phys. Rev. D},
  volume = {2},
  issue = {10},
  pages = {2141--2160},
  numpages = {0},
  year = {1970},
  month = {Nov},
  publisher = {American Physical Society},
  doi = {10.1103/PhysRevD.2.2141},
  url = {https://link.aps.org/doi/10.1103/PhysRevD.2.2141}
}
@article{PhysRevLett.24.737,
  title = {Effective Potential for Even-Parity Regge-Wheeler Gravitational Perturbation Equations},
  author = {Zerilli, Frank J.},
  journal = {Phys. Rev. Lett.},
  volume = {24},
  issue = {13},
  pages = {737--738},
  numpages = {0},
  year = {1970},
  month = {Mar},
  publisher = {American Physical Society},
  doi = {10.1103/PhysRevLett.24.737},
  url = {https://link.aps.org/doi/10.1103/PhysRevLett.24.737}
}
@article{PhysRev.108.1063,
  title = {Stability of a Schwarzschild Singularity},
  author = {Regge, Tullio and Wheeler, John A.},
  journal = {Phys. Rev.},
  volume = {108},
  issue = {4},
  pages = {1063--1069},
  numpages = {0},
  year = {1957},
  month = {Nov},
  publisher = {American Physical Society},
  doi = {10.1103/PhysRev.108.1063},
  url = {https://link.aps.org/doi/10.1103/PhysRev.108.1063}
}
@article{Boyle:2009vi,
      author         = "Boyle, Michael and Mroue, Abdul H.",
      title          = "{Extrapolating gravitational-wave data from numerical
                        simulations}",
      journal        = "Phys. Rev.",
      volume         = "D80",
      year           = "2009",
      pages          = "124045",
      doi            = "10.1103/PhysRevD.80.124045",
      eprint         = "0905.3177",
      archivePrefix  = "arXiv",
      primaryClass   = "gr-qc",
      SLACcitation   = "%%CITATION = ARXIV:0905.3177;%%"
}
@article{Purrer:2015tud,
      author         = "P{\"u}rrer, Michael",
      title          = "{Frequency domain reduced order model of aligned-spin
                        effective-one-body waveforms with generic mass-ratios and
                        spins}",
      journal        = "Phys. Rev.",
      volume         = "D93",
      year           = "2016",
      number         = "6",
      pages          = "064041",
      doi            = "10.1103/PhysRevD.93.064041",
      eprint         = "1512.02248",
      archivePrefix  = "arXiv",
      primaryClass   = "gr-qc",
      SLACcitation   = "%%CITATION = ARXIV:1512.02248;%%"
}
@article{Friedrich:1998wq,
      author         = "Friedrich, Helmut and Racz, Istvan and Wald, Robert M.",
      title          = "{On the rigidity theorem for space-times with a
                        stationary event horizon or a compact Cauchy horizon}",
      journal        = "Commun. Math. Phys.",
      volume         = "204",
      year           = "1999",
      pages          = "691-707",
      doi            = "10.1007/s002200050662",
      eprint         = "gr-qc/9811021",
      archivePrefix  = "arXiv",
      primaryClass   = "gr-qc",
      SLACcitation   = "%%CITATION = GR-QC/9811021;%%"
}
@article{Kamaretsos:2011um,
      author         = "Kamaretsos, Ioannis and Hannam, Mark and Husa, Sascha and
                        Sathyaprakash, B. S.",
      title          = "{Black-hole hair loss: learning about binary progenitors
                        from ringdown signals}",
      journal        = "Phys. Rev.",
      volume         = "D85",
      year           = "2012",
      pages          = "024018",
      doi            = "10.1103/PhysRevD.85.024018",
      eprint         = "1107.0854",
      archivePrefix  = "arXiv",
      primaryClass   = "gr-qc",
      SLACcitation   = "%%CITATION = ARXIV:1107.0854;%%"
}
@article{Buonanno:2006ui,
      author         = "Buonanno, Alessandra and Cook, Gregory B. and Pretorius,
                        Frans",
      title          = "{Inspiral, merger and ring-down of equal-mass black-hole
                        binaries}",
      journal        = "Phys. Rev.",
      volume         = "D75",
      year           = "2007",
      pages          = "124018",
      doi            = "10.1103/PhysRevD.75.124018",
      eprint         = "gr-qc/0610122",
      archivePrefix  = "arXiv",
      primaryClass   = "gr-qc",
      SLACcitation   = "%%CITATION = GR-QC/0610122;%%"
}

@article{Scheel:2008rj,
      author         = "Scheel, Mark A. and Boyle, Michael and Chu, Tony and
                        Kidder, Lawrence E. and Matthews, Keith D. and Pfeiffer,
                        Harald P.",
      title          = "{High-accuracy waveforms for binary black hole inspiral,
                        merger, and ringdown}",
      journal        = "Phys. Rev.",
      volume         = "D79",
      year           = "2009",
      pages          = "024003",
      doi            = "10.1103/PhysRevD.79.024003",
      eprint         = "0810.1767",
      archivePrefix  = "arXiv",
      primaryClass   = "gr-qc",
      SLACcitation   = "%%CITATION = ARXIV:0810.1767;%%"
}
@article{TheLIGOScientific:2016src,
      author         = "Abbott, B. P. and others",
      title          = "{Tests of general relativity with GW150914}",
      collaboration  = "Virgo, LIGO Scientific",
      journal        = "Phys. Rev. Lett.",
      volume         = "116",
      year           = "2016",
      number         = "22",
      pages          = "221101",
      doi            = "10.1103/PhysRevLett.116.221101",
      eprint         = "1602.03841",
      archivePrefix  = "arXiv",
      primaryClass   = "gr-qc",
      reportNumber   = "LIGO-P1500213",
      SLACcitation   = "%%CITATION = ARXIV:1602.03841;%%"
}
@article{Lovelace:2008tw,
      author         = "Lovelace, Geoffrey and Owen, Robert and Pfeiffer, Harald
                        P. and Chu, Tony",
      title          = "{Binary-black-hole initial data with nearly-extremal
                        spins}",
      journal        = "Phys. Rev.",
      volume         = "D78",
      year           = "2008",
      pages          = "084017",
      doi            = "10.1103/PhysRevD.78.084017",
      eprint         = "0805.4192",
      archivePrefix  = "arXiv",
      primaryClass   = "gr-qc",
      SLACcitation   = "%%CITATION = ARXIV:0805.4192;%%"
}
@article{Mazur:2000pn,
      author         = "Mazur, Pawel O.",
      title          = "{Black hole uniqueness theorems}",
      year           = "2000",
      eprint         = "hep-th/0101012",
      archivePrefix  = "arXiv",
      primaryClass   = "hep-th",
      SLACcitation   = "%%CITATION = HEP-TH/0101012;%%"
}
@article{Mars:1999yn,
      author         = "Mars, Marc",
      title          = "{A Space-time characterization of the Kerr metric}",
      journal        = "Class. Quant. Grav.",
      volume         = "16",
      year           = "1999",
      pages          = "2507-2523",
      doi            = "10.1088/0264-9381/16/7/323",
      eprint         = "gr-qc/9904070",
      archivePrefix  = "arXiv",
      primaryClass   = "gr-qc",
      SLACcitation   = "%%CITATION = GR-QC/9904070;%%"
}
@article{Mars:2000gb,
      author         = "Mars, Marc",
      title          = "{Uniqueness properties of the Kerr metric}",
      journal        = "Class. Quant. Grav.",
      volume         = "17",
      year           = "2000",
      pages          = "3353",
      doi            = "10.1088/0264-9381/17/16/317",
      eprint         = "gr-qc/0004018",
      archivePrefix  = "arXiv",
      primaryClass   = "gr-qc",
      SLACcitation   = "%%CITATION = GR-QC/0004018;%%"
}
@article{Schnetter:2006yt,
      author         = "Schnetter, Erik and Krishnan, Badri and Beyer, Florian",
      title          = "{Introduction to dynamical horizons in numerical
                        relativity}",
      journal        = "Phys. Rev.",
      volume         = "D74",
      year           = "2006",
      pages          = "024028",
      doi            = "10.1103/PhysRevD.74.024028",
      eprint         = "gr-qc/0604015",
      archivePrefix  = "arXiv",
      primaryClass   = "gr-qc",
      reportNumber   = "AEI-2006-018, LSU-REL-033006",
      SLACcitation   = "%%CITATION = GR-QC/0604015;%%"
}
@article{Dreyer:2002mx,
      author         = "Dreyer, Olaf and Krishnan, Badri and Shoemaker, Deirdre
                        and Schnetter, Erik",
      title          = "{Introduction to isolated horizons in numerical
                        relativity}",
      journal        = "Phys. Rev.",
      volume         = "D67",
      year           = "2003",
      pages          = "024018",
      doi            = "10.1103/PhysRevD.67.024018",
      eprint         = "gr-qc/0206008",
      archivePrefix  = "arXiv",
      primaryClass   = "gr-qc",
      SLACcitation   = "%%CITATION = GR-QC/0206008;%%"
}
@article{Campanelli:1998jv,
      author         = "Campanelli, Manuela and Lousto, Carlos O.",
      title          = "{Second order gauge invariant gravitational perturbations
                        of a Kerr black hole}",
      journal        = "Phys. Rev.",
      volume         = "D59",
      year           = "1999",
      pages          = "124022",
      doi            = "10.1103/PhysRevD.59.124022",
      eprint         = "gr-qc/9811019",
      archivePrefix  = "arXiv",
      primaryClass   = "gr-qc",
      reportNumber   = "AEI-096",
      SLACcitation   = "%%CITATION = GR-QC/9811019;%%"
}
@article{Lousto:2007mh,
      author         = "Lousto, Carlos O. and Zlochower, Yosef",
      title          = "{A Practical formula for the radiated angular momentum}",
      journal        = "Phys. Rev.",
      volume         = "D76",
      year           = "2007",
      pages          = "041502",
      doi            = "10.1103/PhysRevD.76.041502",
      eprint         = "gr-qc/0703061",
      archivePrefix  = "arXiv",
      primaryClass   = "GR-QC",
      SLACcitation   = "%%CITATION = GR-QC/0703061;%%"
}
@article{Dain:2008ck,
      author         = "Dain, Sergio and Lousto, Carlos O. and Zlochower, Yosef",
      title          = "{Extra-Large Remnant Recoil Velocities and Spins from
                        Near-Extremal-Bowen-York-Spin Black-Hole Binaries}",
      journal        = "Phys. Rev.",
      volume         = "D78",
      year           = "2008",
      pages          = "024039",
      doi            = "10.1103/PhysRevD.78.024039",
      eprint         = "0803.0351",
      archivePrefix  = "arXiv",
      primaryClass   = "gr-qc",
      SLACcitation   = "%%CITATION = ARXIV:0803.0351;%%"
}


######

@ARTICLE{tendex-vortex1,
   author = {{Nichols}, D.~A. and {Owen}, R. and {Zhang}, F. and {Zimmerman}, A. and 
	{Brink}, J. and {Chen}, Y. and {Kaplan}, J.~D. and {Lovelace}, G. and 
	{Matthews}, K.~D. and {Scheel}, M.~A. and {Thorne}, K.~S.},
    title = "{Visualizing spacetime curvature via frame-drag vortexes and tidal tendexes: General theory and weak-gravity applications}",
  journal = {\prd},
archivePrefix = "arXiv",
   eprint = {1108.5486},
 primaryClass = "gr-qc",
 keywords = {Numerical studies of black holes and black-hole binaries, Post-Newtonian approximation, perturbation theory, related approximations, Gravitational waves: theory},
     year = 2011,
    month = dec,
   volume = 84,
   number = 12,
      eid = {124014},
    pages = {124014},
      doi = {10.1103/PhysRevD.84.124014},
   adsurl = {http://adsabs.harvard.edu/abs/2011PhRvD..84l4014N},
  adsnote = {Provided by the SAO/NASA Astrophysics Data System}
}

@article{London,
  title = {Modeling ringdown: Beyond the fundamental quasinormal modes},
  author = {London, Lionel and Shoemaker, Deirdre and Healy, James},
  journal = {Phys. Rev. D},
  volume = {90},
  issue = {12},
  pages = {124032},
  numpages = {22},
  year = {2014},
  month = {Dec},
  publisher = {American Physical Society},
  doi = {10.1103/PhysRevD.90.124032},
  url = {https://link.aps.org/doi/10.1103/PhysRevD.90.124032}
}

@ARTICLE{EMOP,
   author = {{Berti}, E. and {Cardoso}, V. and {Gonzalez}, J.~A. and {Sperhake}, U. and 
	{Hannam}, M. and {Husa}, S. and {Br{\"u}gmann}, B.},
    title = "{Inspiral, merger, and ringdown of unequal mass black hole binaries: A multipolar analysis}",
  journal = {\prd},
   eprint = {gr-qc/0703053},
 keywords = {Numerical relativity, Post-Newtonian approximation, perturbation theory, related approximations, Wave generation and sources, Classical black holes},
     year = 2007,
    month = sep,
   volume = 76,
   number = 6,
      eid = {064034},
    pages = {064034},
      doi = {10.1103/PhysRevD.76.064034},
   adsurl = {http://adsabs.harvard.edu/abs/2007PhRvD..76f4034B},
  adsnote = {Provided by the SAO/NASA Astrophysics Data System}
}


@ARTICLE{Baker,
   author = {{Baker}, J. and {Campanelli}, M.},
    title = "{Making use of geometrical invariants in black hole collisions}",
  journal = {\prd},
   eprint = {gr-qc/0003031},
 keywords = {Numerical relativity, Post-Newtonian approximation, perturbation theory, related approximations, Wave generation and sources, Classical black holes},
     year = 2000,
    month = dec,
   volume = 62,
   number = 12,
      eid = {127501},
    pages = {127501},
      doi = {10.1103/PhysRevD.62.127501},
   adsurl = {http://adsabs.harvard.edu/abs/2000PhRvD..62l7501B},
  adsnote = {Provided by the SAO/NASA Astrophysics Data System}
}

@ARTICLE{Bishop,
   author = {{Bishop}, N. and {Gomez}, R. and {Lehner}, L. and {Winicour}, J.
	},
    title = "{Cauchy-characteristic extraction in numerical relativity}",
  journal = {ArXiv General Relativity and Quantum Cosmology e-prints},
   eprint = {gr-qc/9705033},
 keywords = {General Relativity and Quantum Cosmology},
     year = 1997,
    month = may,
   adsurl = {http://adsabs.harvard.edu/abs/1997gr.qc.....5033B},
  adsnote = {Provided by the SAO/NASA Astrophysics Data System}
}

@ARTICLE{Casey,
   author = {{Handmer}, C.~J. and {Szil{\'a}gyi}, B. and {Winicour}, J.},
    title = "{Spectral Cauchy characteristic extraction of strain, news and gravitational radiation flux}",
  journal = {Classical and Quantum Gravity},
archivePrefix = "arXiv",
   eprint = {1605.04332},
 primaryClass = "gr-qc",
     year = 2016,
    month = nov,
   volume = 33,
   number = 22,
      eid = {225007},
    pages = {225007},
      doi = {10.1088/0264-9381/33/22/225007},
   adsurl = {http://adsabs.harvard.edu/abs/2016CQGra..33v5007H},
  adsnote = {Provided by the SAO/NASA Astrophysics Data System}
}


@article{lobo16,
      author         = "G\'omez-Lobo, Alfonso García-Parrado",
      title          = "{Vacuum type D initial data}",
      journal        = "Class. Quant. Grav.",
      volume         = "33",
      year           = "2016",
      number         = "17",
      pages          = "175005",
      doi            = "10.1088/0264-9381/33/17/175005",
      eprint         = "1602.08075",
      archivePrefix  = "arXiv",
      primaryClass   = "gr-qc",
      SLACcitation   = "%%CITATION = ARXIV:1602.08075;%%"
}
@article{Gomez-Lobo:2015tea,
      author         = "García-Parrado G\'omez-Lobo, Alfonso",
      title          = "{Local non-negative initial data scalar characterization
                        of the Kerr solution}",
      journal        = "Phys. Rev.",
      volume         = "D92",
      year           = "2015",
      number         = "12",
      pages          = "124053",
      doi            = "10.1103/PhysRevD.92.124053",
      eprint         = "1510.07561",
      archivePrefix  = "arXiv",
      primaryClass   = "gr-qc",
      SLACcitation   = "%%CITATION = ARXIV:1510.07561;%%"
}
@misc{loboprivate,
  author = "G\'omez-Lobo, Alfonso García-Parrado",
  date = "2016-11-9",
  howpublished = "Private communication"
}
@misc{caseyprivate,
  author = "Casey Handmer",
  date = "2017-10-28",
  howpublished = "Private communication"
}

@ARTICLE{MyPaper,
   author = {{Bhagwat}, S. and {Brown}, D.~A. and {Ballmer}, S.~W.},
    title = "{Spectroscopic analysis of stellar mass black-hole mergers in our local universe with ground-based gravitational wave detectors}",
  journal = {\prd},
archivePrefix = "arXiv",
   eprint = {1607.07845},
 primaryClass = "gr-qc",
     year = 2016,
    month = oct,
   volume = 94,
   number = 8,
      eid = {084024},
    pages = {084024},
      doi = {10.1103/PhysRevD.94.084024},
   adsurl = {http://adsabs.harvard.edu/abs/2016PhRvD..94h4024B},
  adsnote = {Provided by the SAO/NASA Astrophysics Data System}
}

@ARTICLE{2011PhRvD..84l4052P,
   author = {{Pan}, Y. and {Buonanno}, A. and {Boyle}, M. and {Buchman}, L.~T. and 
	{Kidder}, L.~E. and {Pfeiffer}, H.~P. and {Scheel}, M.~A.},
    title = "{Inspiral-merger-ringdown multipolar waveforms of nonspinning black-hole binaries using the effective-one-body formalism}",
  journal = {\prd},
archivePrefix = "arXiv",
   eprint = {1106.1021},
 primaryClass = "gr-qc",
 keywords = {Numerical relativity, Numerical studies of black holes and black-hole binaries, Post-Newtonian approximation, perturbation theory, related approximations, Gravitational waves: theory},
     year = 2011,
    month = dec,
   volume = 84,
   number = 12,
      eid = {124052},
    pages = {124052},
      doi = {10.1103/PhysRevD.84.124052},
   adsurl = {http://adsabs.harvard.edu/abs/2011PhRvD..84l4052P},
  adsnote = {Provided by the SAO/NASA Astrophysics Data System}
}


@ARTICLE{2014PhRvD..90l4032L,
   author = {{London}, L. and {Shoemaker}, D. and {Healy}, J.},
    title = "{Modeling ringdown: Beyond the fundamental quasinormal modes}",
  journal = {\prd},
archivePrefix = "arXiv",
   eprint = {1404.3197},
 primaryClass = "gr-qc",
 keywords = {Classical black holes, Numerical relativity, Post-Newtonian approximation, perturbation theory, related approximations, Gravitational waves: theory},
     year = 2014,
    month = dec,
   volume = 90,
   number = 12,
      eid = {124032},
    pages = {124032},
      doi = {10.1103/PhysRevD.90.124032},
   adsurl = {http://adsabs.harvard.edu/abs/2014PhRvD..90l4032L},
  adsnote = {Provided by the SAO/NASA Astrophysics Data System}
}


@ARTICLE{2015CQGra..32g4001L,
   author = {{LIGO Scientific Collaboration} and {Aasi}, J. and {Abbott}, B.~P. and 
	{Abbott}, R. and {Abbott}, T. and {Abernathy}, M.~R. and {Ackley}, K. and 
	{Adams}, C. and {Adams}, T. and {Addesso}, P. and et al.},
    title = "{Advanced LIGO}",
  journal = {Classical and Quantum Gravity},
archivePrefix = "arXiv",
   eprint = {1411.4547},
 primaryClass = "gr-qc",
     year = 2015,
    month = apr,
   volume = 32,
   number = 7,
      eid = {074001},
    pages = {074001},
      doi = {10.1088/0264-9381/32/7/074001},
   adsurl = {http://adsabs.harvard.edu/abs/2015CQGra..32g4001L},
  adsnote = {Provided by the SAO/NASA Astrophysics Data System}
}

@ARTICLE{2006PhRvD..73f4030B,
   author = {{Berti}, E. and {Cardoso}, V. and {Will}, C.~M.},
    title = "{Gravitational-wave spectroscopy of massive black holes with the space interferometer LISA}",
  journal = {\prd},
   eprint = {gr-qc/0512160},
 keywords = {Physics of black holes, Wave generation and sources, Experimental tests of gravitational theories, Gravitational wave detectors and experiments},
     year = 2006,
    month = mar,
   volume = 73,
   number = 6,
      eid = {064030},
    pages = {064030},
      doi = {10.1103/PhysRevD.73.064030},
   adsurl = {http://adsabs.harvard.edu/abs/2006PhRvD..73f4030B},
  adsnote = {Provided by the SAO/NASA Astrophysics Data System}
}


@article{Lionel:comm,
  title = {Erratum: Modeling ringdown: Beyond the fundamental quasinormal modes [Phys. Rev. D     \textbf{90}  , 124032 (2014)]},
  author = {London, L. T. and Healy, James and Shoemaker, Deirdre},
  journal = {Phys. Rev. D},
  volume = {94},
  issue = {6},
  pages = {069902},
  numpages = {1},
  year = {2016},
  month = {Sep},
  publisher = {American Physical Society},
  doi = {10.1103/PhysRevD.94.069902},
  url = {http://link.aps.org/doi/10.1103/PhysRevD.94.069902}
}


@article{PhysRevLett.26.331,
  title = {Axisymmetric Black Hole Has Only Two Degrees of Freedom},
  author = {Carter, B.},
  journal = {Phys. Rev. Lett.},
  volume = {26},
  issue = {6},
  pages = {331--333},
  numpages = {0},
  year = {1971},
  month = {Feb},
  publisher = {American Physical Society},
  doi = {10.1103/PhysRevLett.26.331},
  url = {http://link.aps.org/doi/10.1103/PhysRevLett.26.331}
}



@article {Leaver285,
	author = {Leaver, E. W.},
	title = {An Analytic Representation for the Quasi-Normal Modes of Kerr Black Holes},
	volume = {402},
	number = {1823},
	pages = {285--298},
	year = {1985},
	doi = {10.1098/rspa.1985.0119},
	publisher = {The Royal Society},
	abstract = {The gravitational quasi-normal frequencies of both stationary and rotating black holes are calculated by constructing exact eigensolutions to the radiative boundary-value problem of Chandrasekhar and Detweiler. The method is that employed by Jaffe in his determination of the electronic spectra of the hydrogen molecule ion in 1934, and analytic representations of the quasi-normal mode wavefunctions are presented here for the first time. Numerical solution of Jaffe{\textquoteright}s characteristic equation indicates that for each l-pole there is an infinite number of damped Schwarzschild quasi-normal modes. The real parts of the corresponding frequencies are bounded, but the imaginary parts are not. Figures are presented that illustrate the trajectories the five least-damped of these frequencies trace in the complex frequency plane as the angular momentum of the black hole increases from zero to near the Kerr limit of maximum angular momentum per unit mass, a = M, where there is a coalescence of the more highly damped frequencies to the purely real value of the critical frequency for superradiant scattering.},
	issn = {0080-4630},
	URL = {http://rspa.royalsocietypublishing.org/content/402/1823/285},
	eprint = {http://rspa.royalsocietypublishing.org/content/402/1823/285.full.pdf},
	journal = {Proceedings of the Royal Society of London A: Mathematical, Physical and Engineering Sciences}
}


@Book{Misner:1974qy,
 author        = "C.W. Misner and K.S. Thorne and J.A. Wheeler",
 title         = "Gravitation",
 pages         = "1-1279",
 year          = "1973",
 publisher     = "W.H. Freeman and Company",
}

%%% LaTeX

\cite{Misner:1974qy}

%%% bibitem

\bibitem{Misner:1974qy}
C.W. Misner, K.S. Thorne, J.A. Wheeler,
"Gravitation",
1973,
W.H. Freeman and Company.


@article{4783,
  author   = {Vishveshwara, C. V.},
  doi      = {10.1038/227936a0},
  journal  = {Nature},
  keywords = {Schwarzschild solution, Scattering, Black holes, Quasi-normal modes, Perturbation theory},
  pages    = {936--938},
  refdb_id = {http://relativity.livingreviews.org/refdb/record/4783},
  title    = {Scattering of gravitational radiation by a Schwarzschild black-hole},
  volume   = {227},
  year     = {1970}
}



@article{PhysRevD.73.064030,
  title = {Gravitational-wave spectroscopy of massive black holes with the space interferometer LISA},
  author = {Berti, Emanuele and Cardoso, Vitor and Will, Clifford M.},
  journal = {Phys. Rev. D},
  volume = {73},
  issue = {6},
  pages = {064030},
  numpages = {41},
  year = {2006},
  month = {Mar},
  publisher = {American Physical Society},
  doi = {10.1103/PhysRevD.73.064030},
  url = {http://link.aps.org/doi/10.1103/PhysRevD.73.064030}
}

@ARTICLE{2014PhRvD..90f4012B,
   author = {{Berti}, E. and {Klein}, A.},
    title = "{Mixing of spherical and spheroidal modes in perturbed Kerr black holes}",
  journal = {\prd},
archivePrefix = "arXiv",
   eprint = {1408.1860},
 primaryClass = "gr-qc",
 keywords = {Physics of black holes, Numerical studies of black holes and black-hole binaries, Wave generation and sources, Wave propagation and interactions},
     year = 2014,
    month = sep,
   volume = 90,
   number = 6,
      eid = {064012},
    pages = {064012},
      doi = {10.1103/PhysRevD.90.064012},
   adsurl = {http://adsabs.harvard.edu/abs/2014PhRvD..90f4012B},
  adsnote = {Provided by the SAO/NASA Astrophysics Data System}
}

@ARTICLE{2016arXiv160603939T,
   author = {{The LIGO Scientific Collaboration} and {the Virgo Collaboration} and 
	{Abbott}, B.~P. and {Abbott}, R. and {Abbott}, T.~D. and {Abernathy}, M.~R. and 
	{Acernese}, F. and {Ackley}, K. and {Adams}, C. and {Adams}, T. and et al.},
    title = "{Supplement: The Rate of Binary Black Hole Mergers Inferred from Advanced LIGO Observations Surrounding GW150914}",
  journal = {ArXiv e-prints},
archivePrefix = "arXiv",
   eprint = {1606.03939},
 primaryClass = "astro-ph.HE",
 keywords = {Astrophysics - High Energy Astrophysical Phenomena, Astrophysics - Instrumentation and Methods for Astrophysics},
     year = 2016,
    month = jun,
   adsurl = {http://adsabs.harvard.edu/abs/2016arXiv160603939T},
  adsnote = {Provided by the SAO/NASA Astrophysics Data System}
}

@article{PhysRevLett.26.331,
  title = {Axisymmetric Black Hole Has Only Two Degrees of Freedom},
  author = {Carter, B.},
  journal = {Phys. Rev. Lett.},
  volume = {26},
  issue = {6},
  pages = {331--333},
  numpages = {0},
  year = {1971},
  month = {Feb},
  publisher = {American Physical Society},
  doi = {10.1103/PhysRevLett.26.331},
  url = {http://link.aps.org/doi/10.1103/PhysRevLett.26.331}
}

@ARTICLE{2004CQGra..21..787D,
   author = {{Dreyer}, O. and {Kelly}, B. and {Krishnan}, B. and {Finn}, L.~S. and 
	{Garrison}, D. and {Lopez-Aleman}, R.},
    title = "{Black-hole spectroscopy: testing general relativity through gravitational-wave observations}",
  journal = {Classical and Quantum Gravity},
   eprint = {gr-qc/0309007},
     year = 2004,
    month = feb,
   volume = 21,
    pages = {787-803},
      doi = {10.1088/0264-9381/21/4/003},
   adsurl = {http://adsabs.harvard.edu/abs/2004CQGra..21..787D},
  adsnote = {Provided by the SAO/NASA Astrophysics Data System}
}


@article{PhysRevD.5.1239,
  title = {Nonexistence of Baryon Number for Static Black Holes},
  author = {Bekenstein, Jacob D.},
  journal = {Phys. Rev. D},
  volume = {5},
  issue = {6},
  pages = {1239--1246},
  numpages = {0},
  year = {1972},
  month = {Mar},
  publisher = {American Physical Society},
  doi = {10.1103/PhysRevD.5.1239},
  url = {http://link.aps.org/doi/10.1103/PhysRevD.5.1239}
}

@ARTICLE{1453789, 
author={M. Shahram and P. Milanfar}, 
journal={IEEE Transactions on Signal Processing}, 
title={On the resolvability of sinusoids with nearby frequencies in the presence of noise}, 
year={2005}, 
volume={53}, 
number={7}, 
pages={2579-2588}, 
keywords={frequency estimation;noise;signal detection;signal resolution;statistical analysis;Rayleigh limit resolution;double-frequency sinusoid;resolution detection;signal detection strategy;single-frequency sinusoid;sinusoid resolvability;spectral estimation method;statistical algorithm;Blind source separation;Deconvolution;Frequency estimation;Independent component analysis;Noise level;Signal processing;Signal processing algorithms;Signal resolution;Source separation;Speech processing;Kullback–Leibler distance;MUSIC;Rayleigh limit resolution;resolution detection;spectral estimation;subspace}, 
doi={10.1109/TSP.2005.845492}, 
ISSN={1053-587X}, 
month={July},}

@book{van2004detection,
  title={Detection, estimation, and modulation theory},
  author={Van Trees, Harry L},
  year={2004},
  publisher={John Wiley \& Sons}
}

@INPROCEEDINGS{1038162, 
author={P. Milanfar and A. Shakouri}, 
booktitle={Image Processing. 2002. Proceedings. 2002 International Conference on}, 
title={A statistical analysis of diffraction-limited imaging}, 
year={2002}, 
volume={1}, 
pages={I-864-I-867 vol.1}, 
keywords={image resolution;light diffraction;noise;optical images;statistical analysis;GLRT;MLE;Rayleigh criterion;Rayleigh limit;diffraction-limited imaging;generalized likelihood ratio testing;maximum likelihood estimation;optical imaging systems;physical law;resolution enhancement;sensor SNR;signal-to-noise;statistical analysis;Accuracy;Focusing;Image resolution;Noise measurement;Optical diffraction;Optical imaging;Signal processing;Signal resolution;Statistical analysis;Thumb}, 
doi={10.1109/ICIP.2002.1038162}, 
ISSN={1522-4880}, 
month={},}

@ARTICLE{2015PhRvD..91f2005M,
   author = {{Miller}, J. and {Barsotti}, L. and {Vitale}, S. and {Fritschel}, P. and 
	{Evans}, M. and {Sigg}, D.},
    title = "{Prospects for doubling the range of Advanced LIGO}",
  journal = {\prd},
archivePrefix = "arXiv",
   eprint = {1410.5882},
 primaryClass = "gr-qc",
 keywords = {Gravitational wave detectors and experiments, Interferometers, Gravitational radiation detectors, mass spectrometers, and other instrumentation and techniques, Gravitational radiation magnetic fields and other observations},
     year = 2015,
    month = mar,
   volume = 91,
   number = 6,
      eid = {062005},
    pages = {062005},
      doi = {10.1103/PhysRevD.91.062005},
   adsurl = {http://adsabs.harvard.edu/abs/2015PhRvD..91f2005M},
  adsnote = {Provided by the SAO/NASA Astrophysics Data System}
}

@article{PhysRevD.85.124056,
  title = {Bayesian model selection for testing the no-hair theorem with black hole ringdowns},
  author = {Gossan, S. and Veitch, J. and Sathyaprakash, B. S.},
  journal = {Phys. Rev. D},
  volume = {85},
  issue = {12},
  pages = {124056},
  numpages = {14},
  year = {2012},
  month = {Jun},
  publisher = {American Physical Society},
  doi = {10.1103/PhysRevD.85.124056},
  url = {http://link.aps.org/doi/10.1103/PhysRevD.85.124056}
}


@ARTICLE{2006PhRvD..74j4020B,
   author = {{Berti}, E. and {Cardoso}, V.},
    title = "{Quasinormal ringing of Kerr black holes: The excitation factors}",
  journal = {\prd},
   eprint = {gr-qc/0605118},
 keywords = {Physics of black holes, Wave generation and sources, Experimental tests of gravitational theories, Gravitational wave detectors and experiments},
     year = 2006,
    month = nov,
   volume = 74,
   number = 10,
      eid = {104020},
    pages = {104020},
      doi = {10.1103/PhysRevD.74.104020},
   adsurl = {http://adsabs.harvard.edu/abs/2006PhRvD..74j4020B},
  adsnote = {Provided by the SAO/NASA Astrophysics Data System}
}


@article{lrr-1999-2,
  title    = {Quasi-Normal Modes of Stars and Black Holes},
  author   = {Kostas D. Kokkotas and Bernd G. Schmidt},
  journal  = {Living Reviews in Relativity},
  year     = {1999},
  number   = {2},
  volume   = {2},
  keywords = {},
  doi      = {10.1007/lrr-1999-2},
  url      = {http://www.livingreviews.org/lrr-1999-2}
}
%
% Note: Encoded in UTF-8! To use with TeX, adapt the encoding 
% (with tools 'recode' or 'iconv') or use the ucs package 
% (http://ctan.org/tex-archive/macros/latex/contrib/ucs)
%
  

@ARTICLE{1999CMaPh.204..397B,
   author = {{Beyer}, H.~R.},
    title = "{On the Completeness of the Quasinormal Modes of the P{\"o}schl-Teller Potential}",
  journal = {Communications in Mathematical Physics},
   eprint = {gr-qc/9803034},
     year = 1999,
   volume = 204,
    pages = {397-423},
      doi = {10.1007/s002200050651},
   adsurl = {http://adsabs.harvard.edu/abs/1999CMaPh.204..397B},
  adsnote = {Provided by the SAO/NASA Astrophysics Data System}
}


@ARTICLE{2008GReGr..40.1705R,
   author = {{Ruiz}, M. and {Alcubierre}, M. and {N{\'u}{\~n}ez}, D. and 
	{Takahashi}, R.},
    title = "{Multiple expansions for energy and momenta carried by gravitational waves}",
  journal = {General Relativity and Gravitation},
archivePrefix = "arXiv",
   eprint = {0707.4654},
 primaryClass = "gr-qc",
 keywords = {Gravitational waves, Energy and momenta, Multipole expansions, Numerical relativity},
     year = 2008,
    month = aug,
   volume = 40,
    pages = {1705-1729},
      doi = {10.1007/s10714-007-0570-8},
   adsurl = {http://adsabs.harvard.edu/abs/2008GReGr..40.1705R},
  adsnote = {Provided by the SAO/NASA Astrophysics Data System}
}

@article{0264-9381-32-21-214002,
  author={Thomas P Sotiriou},
  title={Black holes and scalar fields},
  journal={Classical and Quantum Gravity},
  volume={32},
  number={21},
  pages={214002},
  url={http://stacks.iop.org/0264-9381/32/i=21/a=214002},
  year={2015},
  abstract={No-hair theorems in theories of gravity with a scalar field are briefly and critically reviewed. Their significance and limitations are discussed and potential evasions are considered.}
}
	

@article{0264-9381-33-5-054001,
  author={Kent Yagi and Leo C Stein},
  title={Black hole based tests of general relativity},
  journal={Classical and Quantum Gravity},
  volume={33},
  number={5},
  pages={054001},
  url={http://stacks.iop.org/0264-9381/33/i=5/a=054001},
  year={2016},
  abstract={General relativity has passed all solar system experiments and neutron star based tests, such as binary pulsar observations, with flying colors. A more exotic arena for testing general relativity is in systems that contain one or more black holes. Black holes are the most compact objects in the Universe, providing probes of the strongest-possible gravitational fields. We are motivated to study strong-field gravity since many theories give large deviations from general relativity only at large field strengths, while recovering the weak-field behavior. In this article, we review how one can probe general relativity and various alternative theories of gravity by using electromagnetic waves from a black hole with an accretion disk, and gravitational waves from black hole binaries. We first review model-independent ways of testing gravity with electromagnetic/gravitational waves from a black hole system. We then focus on selected examples of theories that extend general relativity in rather simple ways. Some important characteristics of general relativity include (but are not limited to) (i) only tensor gravitational degrees of freedom, (ii) the graviton is massless, (iii) no quadratic or higher curvatures in the action, and (iv) the theory is four-dimensional. Altering a characteristic leads to a different extension of general relativity: (i) scalar–tensor theories, (ii) massive gravity theories, (iii) quadratic gravity, and (iv) theories with large extra dimensions. Within each theory, we describe black hole solutions, their properties, and current and projected constraints on each theory using black hole based tests of gravity. We close this review by listing some of the open problems in model-independent tests and within each specific theory.}
}
	

@ARTICLE{2016arXiv160509286B,
   author = {{Berti}, E. and {Sesana}, A. and {Barausse}, E. and {Cardoso}, V. and 
	{Belczynski}, K.},
    title = "{Spectroscopy of Kerr black holes with Earth- and space-based interferometers}",
  journal = {ArXiv e-prints},
archivePrefix = "arXiv",
   eprint = {1605.09286},
 primaryClass = "gr-qc",
 keywords = {General Relativity and Quantum Cosmology, Astrophysics - High Energy Astrophysical Phenomena, High Energy Physics - Phenomenology, High Energy Physics - Theory},
     year = 2016,
    month = may,
   adsurl = {http://adsabs.harvard.edu/abs/2016arXiv160509286B},
  adsnote = {Provided by the SAO/NASA Astrophysics Data System}
}



@ARTICLE{2012PhRvL.109n1102K,
   author = {{Kamaretsos}, I. and {Hannam}, M. and {Sathyaprakash}, B.~S.
	},
    title = "{Is Black-Hole Ringdown a Memory of Its Progenitor?}",
  journal = {Physical Review Letters},
archivePrefix = "arXiv",
   eprint = {1207.0399},
 primaryClass = "gr-qc",
 keywords = {Wave generation and sources, Numerical relativity, Classical black holes, Binary and multiple stars},
     year = 2012,
    month = oct,
   volume = 109,
   number = 14,
      eid = {141102},
    pages = {141102},
      doi = {10.1103/PhysRevLett.109.141102},
   adsurl = {http://adsabs.harvard.edu/abs/2012PhRvL.109n1102K},
  adsnote = {Provided by the SAO/NASA Astrophysics Data System}
}

@ARTICLE{2007PhRvD..76f4034B,
   author = {{Berti}, E. and {Cardoso}, V. and {Gonzalez}, J.~A. and {Sperhake}, U. and 
	{Hannam}, M. and {Husa}, S. and {Br{\"u}gmann}, B.},
    title = "{Inspiral, merger, and ringdown of unequal mass black hole binaries: A multipolar analysis}",
  journal = {\prd},
   eprint = {gr-qc/0703053},
 keywords = {Numerical relativity, Post-Newtonian approximation, perturbation theory, related approximations, Wave generation and sources, Classical black holes},
     year = 2007,
    month = sep,
   volume = 76,
   number = 6,
      eid = {064034},
    pages = {064034},
      doi = {10.1103/PhysRevD.76.064034},
   adsurl = {http://adsabs.harvard.edu/abs/2007PhRvD..76f4034B},
  adsnote = {Provided by the SAO/NASA Astrophysics Data System}
}

@article{PhysRevD.51.R6608,
  title = {Novel ``no-scalar-hair'' theorem for black holes},
  author = {Bekenstein, Jacob D.},
  journal = {Phys. Rev. D},
  volume = {51},
  issue = {12},
  pages = {R6608--R6611},
  numpages = {0},
  year = {1995},
  month = {Jun},
  publisher = {American Physical Society},
  doi = {10.1103/PhysRevD.51.R6608},
  url = {http://link.aps.org/doi/10.1103/PhysRevD.51.R6608}
}

@article{10.2307/78902,
 ISSN = {00804630},
 URL = {http://www.jstor.org/stable/78902},
 abstract = {The quasi-normal modes of a black hole represent solutions of the relevant perturbation equations which satisfy the boundary conditions appropriate for purely outgoing (gravitational) waves at infinity and purely ingoing waves at the horizon. For the Schwarzschild black hole the problem reduces to one of finding such solutions for a one-dimensional wave equation (Zerilli's equation) for a potential which is positive everywhere and is of short-range. The notion of quasi-normal modes of such one-dimensional potential barriers is examined with two illustrative examples; and numerical solutions for Zerilli's potential are obtained by integrating the associated Riccati equation.},
 author = {S. Chandrasekhar, S. Detweiler},
 journal = {Proceedings of the Royal Society of London. Series A, Mathematical and Physical Sciences},
 number = {1639},
 pages = {441-452},
 publisher = {The Royal Society},
 title = {The Quasi-Normal Modes of the Schwarzschild Black Hole},
 volume = {344},
 year = {1975}
}

@ARTICLE{2013LRR....16....9Y,
   author = {{Yunes}, N. and {Siemens}, X.},
    title = "{Gravitational-Wave Tests of General Relativity with Ground-Based Detectors and Pulsar-Timing Arrays}",
  journal = {Living Reviews in Relativity},
archivePrefix = "arXiv",
   eprint = {1304.3473},
 primaryClass = "gr-qc",
 keywords = {General Relativity and Quantum Cosmology, Alternative theories, Compact binaries, Experimental tests, Pulsar timing, General relativity, Gravitational waves  },
     year = 2013,
    month = nov,
   volume = 16,
      doi = {10.12942/lrr-2013-9},
   adsurl = {http://adsabs.harvard.edu/abs/2013LRR....16....9Y},
  adsnote = {Provided by the SAO/NASA Astrophysics Data System}
}



@article{PhysRevLett.72.3297,
  title = {Colliding black holes: The close limit},
  author = {Price, Richard H. and Pullin, Jorge},
  journal = {Phys. Rev. Lett.},
  volume = {72},
  issue = {21},
  pages = {3297--3300},
  numpages = {0},
  year = {1994},
  month = {May},
  publisher = {American Physical Society},
  doi = {10.1103/PhysRevLett.72.3297},
  url = {http://link.aps.org/doi/10.1103/PhysRevLett.72.3297}
}


@article{PhysRevD.49.2658,
  title = {Gravitational waves from merging compact binaries: How accurately can one extract the binary's parameters from the inspiral waveform?},
  author = {Cutler, Curt and Flanagan, \'Eanna E.},
  journal = {Phys. Rev. D},
  volume = {49},
  issue = {6},
  pages = {2658--2697},
  numpages = {0},
  year = {1994},
  month = {Mar},
  publisher = {American Physical Society},
  doi = {10.1103/PhysRevD.49.2658},
  url = {http://link.aps.org/doi/10.1103/PhysRevD.49.2658}
}




@article{Evans:2016dc,
 title = {Exploring the Sensitivity of Next Generation Gravitational Wave Detectors},
 author = {Evans, M., and others},
 journal = {www.dcc.ligo.org/P16000143},
 year = {2016},
}

@article{LIGO:2016Rates,
 title = {Binary Black Hole Mergers in the first Advanced LIGO Observing Run},
 author = {The LIGO Scientific Collaboration, The Virgo Collaboration},
 journal = {www.dcc.ligo.org/P1600088},
 year = {2016},
}


@article{PhysRevD.40.3194,
  title = {Gravitational-wave measurements of the mass and angular momentum of a black hole},
  author = {Echeverria, Fernando},
  journal = {Phys. Rev. D},
  volume = {40},
  issue = {10},
  pages = {3194--3203},
  numpages = {0},
  year = {1989},
  month = {Nov},
  publisher = {American Physical Society},
  doi = {10.1103/PhysRevD.40.3194},
  url = {http://link.aps.org/doi/10.1103/PhysRevD.40.3194}
}

@article{PhysRevD.60.022001,
  title = {Search techniques for gravitational waves from black-hole ringdowns},
  author = {Creighton, Jolien D. E.},
  journal = {Phys. Rev. D},
  volume = {60},
  issue = {2},
  pages = {022001},
  numpages = {9},
  year = {1999},
  month = {Jun},
  publisher = {American Physical Society},
  doi = {10.1103/PhysRevD.60.022001},
  url = {http://link.aps.org/doi/10.1103/PhysRevD.60.022001}
}

@article{PhysRevD.46.5236,
  title = {Detection, measurement, and gravitational radiation},
  author = {Finn, Lee S.},
  journal = {Phys. Rev. D},
  volume = {46},
  issue = {12},
  pages = {5236--5249},
  numpages = {0},
  year = {1992},
  month = {Dec},
  publisher = {American Physical Society},
  doi = {10.1103/PhysRevD.46.5236},
  url = {http://link.aps.org/doi/10.1103/PhysRevD.46.5236}
}

@article{0264-9381-21-4-003,
  author={Olaf Dreyer and Bernard Kelly and Badri Krishnan and Lee Samuel Finn and David Garrison and Ramon Lopez-Aleman},
  title={Black-hole spectroscopy: testing general relativity through gravitational-wave observations},
  journal={Classical and Quantum Gravity},
  volume={21},
  number={4},
  pages={787},
  url={http://stacks.iop.org/0264-9381/21/i=4/a=003},
  year={2004},
  abstract={Assuming that general relativity is the correct theory of gravity in the strong-field limit, can gravitational-wave observations distinguish between black holes and other compact object sources? Alternatively, can gravitational-wave observations provide a test of one of the fundamental predictions of general relativity: the no-hair theorem? Here we describe a definitive test of the hypothesis that observations of damped, sinusoidal gravitational waves originate from a black hole or, alternatively, that nature respects the general relativistic no-hair theorem. For astrophysical black holes, which have a negligible charge-to-mass ratio, the black-hole quasi-normal mode spectrum is characterized entirely by the black-hole mass and angular momentum and is unique to black holes. In a different theory of gravity, or if the observed radiation arises from a different source (e.g., a neutron star, strange matter or boson star), the spectrum will be inconsistent with that predicted for general relativistic black holes. We give a statistical characterization of the consistency between the noisy observation and the theoretical predictions of general relativity and a demonstration, through simulation, of the effectiveness of the test for strong sources.}
}
	
@ARTICLE{1453789, 
author={M. Shahram and P. Milanfar}, 
journal={IEEE Transactions on Signal Processing}, 
title={On the resolvability of sinusoids with nearby frequencies in the presence of noise}, 
year={2005}, 
volume={53}, 
number={7}, 
pages={2579-2588}, 
keywords={frequency estimation;noise;signal detection;signal resolution;statistical analysis;Rayleigh limit resolution;double-frequency sinusoid;resolution detection;signal detection strategy;single-frequency sinusoid;sinusoid resolvability;spectral estimation method;statistical algorithm;Blind source separation;Deconvolution;Frequency estimation;Independent component analysis;Noise level;Signal processing;Signal processing algorithms;Signal resolution;Source separation;Speech processing;Kullback–Leibler distance;MUSIC;Rayleigh limit resolution;resolution detection;spectral estimation;subspace}, 
doi={10.1109/TSP.2005.845492}, 
ISSN={1053-587X}, 
month={July},}

@INPROCEEDINGS{1038162, 
author={P. Milanfar and A. Shakouri}, 
booktitle={Image Processing. 2002. Proceedings. 2002 International Conference on}, 
title={A statistical analysis of diffraction-limited imaging}, 
year={2002}, 
volume={1}, 
pages={I-864-I-867 vol.1}, 
keywords={image resolution;light diffraction;noise;optical images;statistical analysis;GLRT;MLE;Rayleigh criterion;Rayleigh limit;diffraction-limited imaging;generalized likelihood ratio testing;maximum likelihood estimation;optical imaging systems;physical law;resolution enhancement;sensor SNR;signal-to-noise;statistical analysis;Accuracy;Focusing;Image resolution;Noise measurement;Optical diffraction;Optical imaging;Signal processing;Signal resolution;Statistical analysis;Thumb}, 
doi={10.1109/ICIP.2002.1038162}, 
ISSN={1522-4880}, 
month={},}


@ARTICLE{1973ApJ...185..635T,
   author = {{Teukolsky}, S.~A.},
    title = "{Perturbations of a Rotating Black Hole. I. Fundamental Equations for Gravitational, Electromagnetic, and Neutrino-Field Perturbations}",
  journal = {\apj},
     year = 1973,
    month = oct,
   volume = 185,
    pages = {635-648},
      doi = {10.1086/152444},
   adsurl = {http://adsabs.harvard.edu/abs/1973ApJ...185..635T},
  adsnote = {Provided by the SAO/NASA Astrophysics Data System}
}

@article{Nollert:1999ji,
      author         = "Nollert, Hans-Peter",
      title          = "{TOPICAL REVIEW: Quasinormal modes: the characteristic
                        `sound' of black holes and neutron stars}",
      journal        = "Class. Quant. Grav.",
      volume         = "16",
      year           = "1999",
      pages          = "R159-R216",
      doi            = "10.1088/0264-9381/16/12/201",
      SLACcitation   = "%%CITATION = CQGRD,16,R159;%%"
}

@article{PhysRevLett.116.061102,
  title = {Observation of Gravitational Waves from a Binary Black Hole Merger},
  author  = "Abbott, B. P. and others",
  collaboration = {LIGO Scientific Collaboration and Virgo Collaboration},
  journal = {Phys. Rev. Lett.},
  volume = {116},
  issue = {6},
  pages = {061102},
  numpages = {16},
  year = {2016},
  month = {Feb},
  publisher = {American Physical Society},
  doi = {10.1103/PhysRevLett.116.061102},
  url = {http://link.aps.org/doi/10.1103/PhysRevLett.116.061102}
}

@article{PhysRevLett.116.241103,
  title = {GW151226: Observation of Gravitational Waves from a 22-Solar-Mass Binary Black Hole Coalescence},
  author         = "Abbott, B. P. and others",
  collaboration = {LIGO Scientific Collaboration and Virgo Collaboration},
  journal = {Phys. Rev. Lett.},
  volume = {116},
  issue = {24},
  pages = {241103},
  numpages = {14},
  year = {2016},
  month = {Jun},
  publisher = {American Physical Society},
  doi = {10.1103/PhysRevLett.116.241103},
  url = {http://link.aps.org/doi/10.1103/PhysRevLett.116.241103}
}


@article{0264-9381-28-9-094013,
  author={S Hild and M Abernathy and F Acernese and P Amaro-Seoane and N Andersson and K Arun and F Barone and B Barr and M Barsuglia and M
Beker and N Beveridge and S Birindelli and S Bose and L Bosi and S Braccini and C Bradaschia and T Bulik and E Calloni and G Cella and E
Chassande Mottin and S Chelkowski and A Chincarini and J Clark and E Coccia and C Colacino and J Colas and A Cumming and L
Cunningham and E Cuoco and S Danilishin and K Danzmann and R De Salvo and T Dent and R De Rosa and L Di Fiore and A Di Virgilio and M
Doets and V Fafone and P Falferi and R Flaminio and J Franc and F Frasconi and A Freise and D Friedrich and P Fulda and J Gair and G Gemme and E
Genin and A Gennai and A Giazotto and K Glampedakis and C Gräf and M Granata and H Grote and G Guidi and A Gurkovsky and G Hammond and M
Hannam and J Harms and D Heinert and M Hendry and I Heng and E Hennes and J Hough and S Husa and S Huttner and G Jones and F Khalili and K
Kokeyama and K Kokkotas and B Krishnan and T G F Li and M Lorenzini and H Lück and E Majorana and I Mandel and V Mandic and M
Mantovani and I Martin and C Michel and Y Minenkov and N Morgado and S Mosca and B Mours and H Müller–Ebhardt and P Murray and R
Nawrodt and J Nelson and R Oshaughnessy and C D Ott and C Palomba and A Paoli and G Parguez and A Pasqualetti and R Passaquieti and D
Passuello and L Pinard and W Plastino and R Poggiani and P Popolizio and M Prato and M Punturo and P Puppo and D Rabeling and P
Rapagnani and J Read and T Regimbau and H Rehbein and S Reid and F Ricci and F Richard and A Rocchi and S Rowan and A Rüdiger and L
Santamaría and B Sassolas and B Sathyaprakash and R Schnabel and C Schwarz and P Seidel and A Sintes and K Somiya and F Speirits and K
Strain and S Strigin and P Sutton and S Tarabrin and A Thüring and J van den Brand and M van Veggel and C van den Broeck and A
Vecchio and J Veitch and F Vetrano and A Vicere and S Vyatchanin and B Willke and G Woan and K Yamamoto},
  title={Sensitivity studies for third-generation gravitational wave observatories},
  journal={Classical and Quantum Gravity},
  volume={28},
  number={9},
  pages={094013},
  url={http://stacks.iop.org/0264-9381/28/i=9/a=094013},
  year={2011},
  abstract={Advanced gravitational wave detectors, currently under construction, are expected to directly observe gravitational wave signals of astrophysical origin. The Einstein Telescope (ET), a third-generation gravitational wave detector, has been proposed in order to fully open up the emerging field of gravitational wave astronomy. In this paper we describe sensitivity models for ET and investigate potential limits imposed by fundamental noise sources. A special focus is set on evaluating the frequency band below 10 Hz where a complex mixture of seismic, gravity gradient, suspension thermal and radiation pressure noise dominates. We develop the most accurate sensitivity model, referred to as ET-D, for a third-generation detector so far, including the most relevant fundamental noise contributions.}
}
	

@ARTICLE{2016arXiv160308955Y,
   author = {{Yunes}, N. and {Yagi}, K. and {Pretorius}, F.},
    title = "{Theoretical Physics Implications of the Binary Black-Hole Merger GW150914}",
  journal = {ArXiv e-prints},
archivePrefix = "arXiv",
   eprint = {1603.08955},
 primaryClass = "gr-qc",
 keywords = {General Relativity and Quantum Cosmology, Astrophysics - High Energy Astrophysical Phenomena, High Energy Physics - Phenomenology, High Energy Physics - Theory},
     year = 2016,
    month = mar,
   adsurl = {http://adsabs.harvard.edu/abs/2016arXiv160308955Y},
  adsnote = {Provided by the SAO/NASA Astrophysics Data System}
}


@ARTICLE{2016PhRvL.116v1101A,
   author = {{Abbott}, B.~P. and {Abbott}, R. and {Abbott}, T.~D. and {Abernathy}, M.~R. and 
	{Acernese}, F. and {Ackley}, K. and {Adams}, C. and {Adams}, T. and 
	{Addesso}, P. and {Adhikari}, R.~X. and et al.},
    title = "{Tests of General Relativity with GW150914}",
  journal = {Physical Review Letters},
archivePrefix = "arXiv",
   eprint = {1602.03841},
 primaryClass = "gr-qc",
     year = 2016,
    month = jun,
   volume = 116,
   number = 22,
      eid = {221101},
    pages = {221101},
      doi = {10.1103/PhysRevLett.116.221101},
   adsurl = {http://adsabs.harvard.edu/abs/2016PhRvL.116v1101A},
  adsnote = {Provided by the SAO/NASA Astrophysics Data System}
}

@article{Lindblom:2005qh,
      author         = "Lindblom, Lee and Scheel, Mark A. and Kidder, Lawrence E.
                        and Owen, Robert and Rinne, Oliver",
      title          = "{A New generalized harmonic evolution system}",
      journal        = "Class. Quant. Grav.",
      volume         = "23",
      year           = "2006",
      pages          = "S447-S462",
      doi            = "10.1088/0264-9381/23/16/S09",
      eprint         = "gr-qc/0512093",
      archivePrefix  = "arXiv",
      primaryClass   = "gr-qc",
      SLACcitation   = "%%CITATION = GR-QC/0512093;%%"
}

@article{Lovelace:2010ne,
      author         = "Lovelace, Geoffrey and Scheel, Mark.A. and Szil\'agyi,
                        Bela",
      title          = "{Simulating merging binary black holes with nearly
                        extremal spins}",
      journal        = "Phys. Rev.",
      volume         = "D83",
      year           = "2011",
      pages          = "024010",
      doi            = "10.1103/PhysRevD.83.024010",
      eprint         = "1010.2777",
      archivePrefix  = "arXiv",
      primaryClass   = "gr-qc",
      SLACcitation   = "%%CITATION = ARXIV:1010.2777;%%"
}
@article{Szilagyi:2014fna,
      author         = "Szil{\'a}gyi, B{\'e}la",
      title          = "{Key Elements of Robustness in Binary Black Hole
                        Evolutions using Spectral Methods}",
      journal        = "Int.J.Mod.Phys.",
      number         = "7",
      volume         = "D23",
      pages          = "1430014",
      doi            = "10.1142/S0218271814300146",
      year           = "2014",
      eprint         = "1405.3693",
      archivePrefix  = "arXiv",
      primaryClass   = "gr-qc",
      SLACcitation   = "%%CITATION = ARXIV:1405.3693;%%",
}
@article{Szilagyi:2009qz,
  author = "Szil{\'a}gyi, B{\' e}la and Lindblom, Lee and
                  Scheel, Mark A.",
  title = "Simulations of Binary Black Hole Mergers Using 
                  Spectral Methods",
  year = 2009, 
  journal = prd,
  volume = 80, 
  pages = 124010,
  eprint = "0909.3557",
  archivePrefix ="arXiv",
  primaryClass = "gr-qc"
}
@Article{Lindblom2009c,
  author = {Lindblom, Lee and Szil\'agyi, B\'ela},
  title = {An Improved Gauge Driver for the {GH} {E}instein
                  System},
  journal = prd,
  volume = 80,
  pages = 084019,
  year = 2009,
  eprint = {arXiv:0904.4873}
}
@article{PLEBANSKI197698,
title = "Rotating, charged, and uniformly accelerating mass in general relativity",
journal = "Annals of Physics",
volume = "98",
number = "1",
pages = "98 - 127",
year = "1976",
note = "",
issn = "0003-4916",
doi = "http://dx.doi.org/10.1016/0003-4916(76)90240-2",
url = "http://www.sciencedirect.com/science/article/pii/0003491676902402",
author = "J.F Plebanski and M Demianski",
}
@article{Griffiths:2005se,
      author         = "Griffiths, J. B. and Podolsky, Jiri",
      title          = "{Accelerating and rotating black holes}",
      journal        = "Class. Quant. Grav.",
      volume         = "22",
      year           = "2005",
      pages          = "3467-3480",
      doi            = "10.1088/0264-9381/22/17/008",
      eprint         = "gr-qc/0507021",
      archivePrefix  = "arXiv",
      primaryClass   = "gr-qc",
      SLACcitation   = "%%CITATION = GR-QC/0507021;%%"
}
 @book{stephani2009exact,
  title={Exact Solutions of Einstein's Field Equations},
  author={Stephani, H. and Kramer, D. and MacCallum, M. and Hoenselaers, C. and Herlt, E.},
  isbn={9781139435024},
  series={Cambridge Monographs on Mathematical Physics},
  url={https://books.google.com/books?id=SiWXP8FjTFEC},
  year={2009},
  publisher={Cambridge University Press}
}

@article{Hemberger:2012jz,
      author         = "Hemberger, Daniel A. and Scheel, Mark A. and Kidder,
                        Lawrence E. and Szil{\'a}gyi, B{\'e}la and Lovelace, Geoffrey and
                        Taylor, Nicholas W. and Teukolsky, Saul A.",
      title          = "Dynamical Excision Boundaries in Spectral Evolutions of
                        Binary Black Hole Spacetimes",
      year           = "2013",
      eprint         = "1211.6079",
      archivePrefix  = "arXiv",
      primaryClass   = "gr-qc",
      journal = cqg,
      volume={30},
      number={11},
      pages={115001},
      doi={10.1088/0264-9381/30/11/115001},
      url={http://stacks.iop.org/0264-9381/30/i=11/a=115001},
    fnote = {Supported by NSF PHY-0969111, PHY-1005426},
      SLACcitation   = "%%CITATION = ARXIV:1211.6079;%%",
}

@article{Scheel2014,
   author = {{Scheel}, M.~A. and {Giesler}, M. and {Hemberger}, D.~A. and·
{Lovelace}, G. and {Kuper}, K. and {Boyle}, M. and {Szil{\'a}gyi}, B. and·
{Kidder}, L.~E.},
    title = "{Improved methods for simulating nearly extremal binary black holes}",
  journal = cqg,
archivePrefix = "arXiv",
   eprint = {1412.1803},
 primaryClass = "gr-qc",
     year = 2015,
    month = may,
   volume = 32,
   number = 10,
      eid = {105009},
    pages = {105009},
      doi = {10.1088/0264-9381/32/10/105009},
   adsurl = {http://adsabs.harvard.edu/abs/2015CQGra..32j5009S},
  adsnote = {Provided by the SAO/NASA Astrophysics Data System}
}

@Article{Rinne2007,
  author = {Oliver Rinne and Lee Lindblom and Mark A. Scheel},
  title = {Testing outer boundary treatments for the {E}instein
                  equations},
  journal = cqg,
  volume = 24, 
  pages = {4053--4078},
  url = {http://stacks.iop.org/0264-9381/24/4053},
  year = 2007
}

@article{Lovelace:2016uwp,
      author         = "Lovelace, Geoffrey and others",
      title          = "{Modeling the source of GW150914 with targeted
                        numerical-relativity simulations}",
      journal        = "Class. Quant. Grav.",
      volume         = "33",
      year           = "2016",
      number         = "24",
      pages          = "244002",
      doi            = "10.1088/0264-9381/33/24/244002",
      eprint         = "1607.05377",
      archivePrefix  = "arXiv",
      primaryClass   = "gr-qc",
      SLACcitation   = "%%CITATION = ARXIV:1607.05377;%%"
}

@article{Owen:2009sb,
      author         = "Owen, Robert",
      title          = "{The Final Remnant of Binary Black Hole Mergers:
                        Multipolar Analysis}", 
      journal        = "Phys. Rev.",
      volume         = "D80",
      year           = "2009",
      pages          = "084012",
      doi            = "10.1103/PhysRevD.80.084012",
      eprint         = "0907.0280",
      archivePrefix  = "arXiv",
      primaryClass   = "gr-qc",
      SLACcitation   = "%%CITATION = ARXIV:0907.0280;%%"
}
@book{baumgarteShapiroBook,
  author = {Thomas W. Baumgarte and Stuart L. Shapiro},
  title = "Numerical Relativity: Solving Einstein's Equations
                  on the Computer",
  publisher = "Cambridge University Press",
  address = "New York",
  year = 2010
}

@article{Backdahl:2010cy,
      author         = "Backdahl, Thomas and Valiente Kroon, Juan A.",
      title          = "{A geometric invariant measuring the deviation from Kerr
                        data}",
      journal        = "Phys. Rev. Lett.",
      volume         = "104",
      year           = "2010",
      pages          = "231102",
      doi            = "10.1103/PhysRevLett.104.231102",
      eprint         = "1001.4492",
      archivePrefix  = "arXiv",
      primaryClass   = "gr-qc",
      SLACcitation   = "%%CITATION = ARXIV:1001.4492;%%"
}

@article{Backdahl:2010fa,
      author         = "Backdahl, Thomas and Valiente Kroon, Juan A.",
      title          = "{On the construction of a geometric invariant measuring
                        the deviation from Kerr data}",
      journal        = "Annales Henri Poincare",
      volume         = "11",
      year           = "2010",
      pages          = "1225-1271",
      doi            = "10.1007/s00023-010-0063-2",
      eprint         = "1005.0743",
      archivePrefix  = "arXiv",
      primaryClass   = "gr-qc",
      SLACcitation   = "%%CITATION = ARXIV:1005.0743;%%"
}

@article{Backdahl:2011np,
      author         = "Backdahl, Thomas and Valiente Kroon, Juan A.",
      title          = "{Constructing 'non-Kerrness' on compact domains}",
      journal        = "J. Math. Phys.",
      volume         = "53",
      year           = "2012",
      pages          = "042503",
      doi            = "10.1063/1.3702569",
      eprint         = "1111.6019",
      archivePrefix  = "arXiv",
      primaryClass   = "gr-qc",
      SLACcitation   = "%%CITATION = ARXIV:1111.6019;%%"
}

@article{Baker:2000zm,
      author         = "Baker, John G. and Campanelli, Manuela",
      title          = "{Making use of geometrical invariants in black hole
                        collisions}",
      journal        = "Phys. Rev.",
      volume         = "D62",
      year           = "2000",
      pages          = "127501",
      doi            = "10.1103/PhysRevD.62.127501",
      eprint         = "gr-qc/0003031",
      archivePrefix  = "arXiv",
      primaryClass   = "gr-qc",
      reportNumber   = "AEI-2000-016",
      SLACcitation   = "%%CITATION = GR-QC/0003031;%%"
}

@article{Campanelli:2008dv,
      author         = "Campanelli, Manuela and Lousto, Carlos O. and Zlochower,
                        Yosef",
      title          = "{Algebraic Classification of Numerical Spacetimes and
                        Black-Hole-Binary Remnants}",
      journal        = "Phys. Rev.",
      volume         = "D79",
      year           = "2009",
      pages          = "084012",
      doi            = "10.1103/PhysRevD.79.084012",
      eprint         = "0811.3006",
      archivePrefix  = "arXiv",
      primaryClass   = "gr-qc",
      SLACcitation   = "%%CITATION = ARXIV:0811.3006;%%"
}

@article{Ferrando01,
  author={Joan Josep Ferrando and Juan Antonio Morales and Juan Antonio SÃ¡ez},
  title={Covariant determination of the Weyl tensor geometry},
  journal={Classical and Quantum Gravity},
  volume={18},
  number={22},
  pages={4939},
  url={http://stacks.iop.org/0264-9381/18/i=22/a=315},
  year={2001},
}


@ARTICLE{Dreyer,
   author = {{Dreyer}, O. and {Kelly}, B. and {Krishnan}, B. and {Finn}, L.~S. and 
	{Garrison}, D. and {Lopez-Aleman}, R.},
    title = "{Black-hole spectroscopy: testing general relativity through gravitational-wave observations}",
  journal = {Classical and Quantum Gravity},
   eprint = {gr-qc/0309007},
     year = 2004,
    month = feb,
   volume = 21,
    pages = {787-803},
      doi = {10.1088/0264-9381/21/4/003},
   adsurl = {http://adsabs.harvard.edu/abs/2004CQGra..21..787D},
  adsnote = {Provided by the SAO/NASA Astrophysics Data System}
}

@ARTICLE{Gossan,
   author = {{Gossan}, S. and {Veitch}, J. and {Sathyaprakash}, B.~S.},
    title = "{Bayesian model selection for testing the no-hair theorem with black hole ringdowns}",
  journal = {\prd},
archivePrefix = "arXiv",
   eprint = {1111.5819},
 primaryClass = "gr-qc",
 keywords = {Wave generation and sources, Post-Newtonian approximation, perturbation theory, related approximations, Gravitational wave detectors and experiments, Gravitational radiation detectors, mass spectrometers, and other instrumentation and techniques},
     year = 2012,
    month = jun,
   volume = 85,
   number = 12,
      eid = {124056},
    pages = {124056},
      doi = {10.1103/PhysRevD.85.124056},
   adsurl = {http://adsabs.harvard.edu/abs/2012PhRvD..85l4056G},
  adsnote = {Provided by the SAO/NASA Astrophysics Data System}
}

@ARTICLE{Kamaretsos,
   author = {{Kamaretsos}, I. and {Hannam}, M. and {Husa}, S. and {Sathyaprakash}, B.~S.
	},
    title = "{Black-hole hair loss: Learning about binary progenitors from ringdown signals}",
  journal = {\prd},
archivePrefix = "arXiv",
   eprint = {1107.0854},
 primaryClass = "gr-qc",
 keywords = {Wave generation and sources, Post-Newtonian approximation, perturbation theory, related approximations, Experimental tests of gravitational theories},
     year = 2012,
    month = jan,
   volume = 85,
   number = 2,
      eid = {024018},
    pages = {024018},
      doi = {10.1103/PhysRevD.85.024018},
   adsurl = {http://adsabs.harvard.edu/abs/2012PhRvD..85b4018K},
  adsnote = {Provided by the SAO/NASA Astrophysics Data System}
}



