@Article{S6DetChar,
    author = "J. Aasi et al. (LIGO Scientific Collaboration and Virgo Scientific Collaboration)",
    title = "{Characterization of the LIGO Detectors during their Sixth Science Run}",
    journal = "Class. Quant. Grav.",
    volume = 32,
    number = 115012,
    year = 2015,
}

@Article{Amaldi,
  author =   "McIver, J.",
  title =    "{Data Quality Studies of Enhanced Interferometric Gravitational Wave Detectors}",
  journal =      "Class. Quantum. Grav.",
  year =     2012,
  volume =   29,
  number =   124010,
}

@Article{Smith:2011,
  author =   "Smith, J. R. and others",
  title =    "{A Hierarchical Method for Vetoing Noise Transients in Gravitational-Wave Detectors}",
  journal =      {Class. Quant. Grav.},
  volume = 28,
  page = 235005,
  year =     2011,
}

@Article{Isogai:2010,
  author =   "Isogai, T. and others",
  title =    "{Used Percentage Veto for LIGO and Virgo Binary Inspiral Searches}",
  journal =      "Journal of Physics: Conference Series",
  volume = 243,
  page = 012005,
  year =     2010,
}

@Article{GW151226,
  author = "The LIGO Scientific Collaboration and the Virgo Collaboration",
  title = "{GW151226: Observation of a Binary Black Hole Merger}",
  journal = "Phys. Rev. Lett. (in LIGO review)",
  url = "https://dcc.ligo.org/LIGO-P1600098",
  }


@Article{SeiReview,
  author = "Matichard, F. and others",
  title = "{Seismic isolation of Advanced LIGO: review of strategy, instrumentation and performance}",
  journal = "Class. Quant. Grav.",
  volume = 32,
  page = 185003,
  year = 2015,
  }

@Article{HEPI,
  author = "Wen, S. and others",
  title = "{Hydraulic external pre-isolator system for LIGO}",
  journal = "Class. Quant. Grav.",
  volume = 31,
  page = 235001,
  year = 2014,
  }

@Article{DCReadout,
  author = "Fricke, T. and others",
  title = "{DC readout experiment in Enhanced LIGO}",
  journal = "Class. Quant. Grav.",
  volume = 29,
  page = 065005,
  year = 2012,
  }

@Article{McIverThesis,
  author = "McIver, J.",
  title = "{The impact of terrestrial noise on the detectability and reconstruction of gravitational wave signals from core-collapse supernovae}",
  note = "LIGO-P1500072",
  year = 2015,
  }

@Article{aLIGOSUS,
  author = "Carbone, L. and others",
  title = "{Sensors and Actuators for the Advanced LIGO Mirror Suspensions}",
  journal = "Class. Quant. Grav.",
  volume = 29,
  page = 115005,
  year = 2012,
  }

@Article{aVIRGO,
  author = "Acernese, F. and others",
  title = "{Advanced Virgo: a 2nd generation interferometric gravitational wave detector}",
  journal = "Class. Quant. Grav.",
  volume = 32,
  page = 024001,
  year = 2015,
  }

@Article{GEO600,
  author = "Dooley, K. L. and others",
  title = "{GEO 600 and the GEO-HF upgrade program: successes and challenges}",
  note  = "arXiv:1510.00317",
  year = 2016,
  }

@Article{Squeezing,
  author = "Vahlbruch, H. and others",
  title = "{The GEO600 squeezed light source}",
  journal = "Class. Quant. Grav.",
  volume = 27,
  page = 084027,
  year = 2010,
  }

@Article{KAGRA,
  author = "Aso, Y. and others",
  title = "{Interferometer design of the KAGRA gravitational wave detector}",
  journal = "Phys. Rev. D",
  volume = 88,
  page = 043007,
  year = 2013,
  }

@Article{IndIGO,
  author = "Unnikrishnan, C. S.",
  title = "{IndIGO and LIGO-India: Scope and Plans for Gravitational Wave Research and Precision Metrology in India}",
  journal = "International Journal of Modern Physics D",
  volume = 22,
  page = 1341010,
  year = 2013,
  }

@misc{Kokeyama:detchar,
  author = "Kokeyama, K.",
  title = "{DRMI LSC tutorial for detchar working group}",
  note = "LIGO-G1301236",
  year = 2013,
  }

@misc{NergisThesis,
  author = "Mavalvala, N.",
  title  = "Alignment Issues in Laser Interferometric Gravitational-Wave Detectors",
  year   = "1997",
  note   = "https://dspace.mit.edu/bitstream/handle/1721.1/10769/36962416-MIT.pdf?sequence=2",
  }
